order_id,agent_id,market_id,order_time,is_buy,kind,volume,price,time_exp
0,0,0,0,True,LIMIT_ORDER,1,284.23246,101
0,2,2,0,True,LIMIT_ORDER,1,377.67544000000004,135
0,1,1,0,True,LIMIT_ORDER,1,290.77536000000003,123
1,1,1,1,False,LIMIT_ORDER,1,290.38457,123
1,2,2,1,True,LIMIT_ORDER,1,296.56589,135
1,0,0,1,True,LIMIT_ORDER,1,279.73474000000004,101
2,0,0,2,False,LIMIT_ORDER,1,319.18062000000003,101
2,2,2,2,True,LIMIT_ORDER,1,290.88405,135
2,1,1,2,True,LIMIT_ORDER,1,296.18652000000003,123
3,0,0,3,False,LIMIT_ORDER,1,309.14450000000005,101
3,2,2,3,False,LIMIT_ORDER,1,274.91962,135
3,1,1,3,True,LIMIT_ORDER,1,290.29561,123
4,0,0,4,True,LIMIT_ORDER,1,298.08437000000004,101
4,2,2,4,False,LIMIT_ORDER,1,285.69104000000004,135
4,1,1,4,True,LIMIT_ORDER,1,278.52603000000005,123
5,1,1,5,False,LIMIT_ORDER,1,301.25194000000005,123
5,2,2,5,False,LIMIT_ORDER,1,303.61868000000004,135
5,0,0,5,False,LIMIT_ORDER,1,301.53452000000004,101
6,0,0,6,True,LIMIT_ORDER,1,280.11379,101
6,1,1,6,False,LIMIT_ORDER,1,255.19409000000002,123
6,2,2,6,False,LIMIT_ORDER,1,290.79674,135
7,2,2,7,False,LIMIT_ORDER,1,281.77268000000004,135
7,0,0,7,True,LIMIT_ORDER,1,280.39067,101
7,1,1,7,True,LIMIT_ORDER,1,316.37254,123
8,0,0,8,False,LIMIT_ORDER,1,320.79521000000005,101
8,1,1,8,True,LIMIT_ORDER,1,288.29301000000004,123
8,2,2,8,True,LIMIT_ORDER,1,308.7731,135
9,0,0,9,False,LIMIT_ORDER,1,319.24452,101
9,1,1,9,True,LIMIT_ORDER,1,318.76792,123
9,2,2,9,True,LIMIT_ORDER,1,315.49353,135
10,0,0,10,True,LIMIT_ORDER,1,290.49203,101
10,1,1,10,False,LIMIT_ORDER,1,304.63262000000003,123
10,2,2,10,True,LIMIT_ORDER,1,319.83853000000005,135
11,0,0,11,False,LIMIT_ORDER,1,307.75844,101
11,2,2,11,True,LIMIT_ORDER,1,317.23804,135
11,1,1,11,True,LIMIT_ORDER,1,295.13324,123
12,0,0,12,False,LIMIT_ORDER,1,310.37177,101
12,2,2,12,False,LIMIT_ORDER,1,294.18697000000003,135
12,1,1,12,False,LIMIT_ORDER,1,270.70547000000005,123
13,1,1,13,False,LIMIT_ORDER,1,272.60427000000004,123
13,2,2,13,True,LIMIT_ORDER,1,301.62425,135
13,0,0,13,True,LIMIT_ORDER,1,287.33293000000003,101
14,0,0,14,False,LIMIT_ORDER,1,320.53524000000004,101
14,1,1,14,True,LIMIT_ORDER,1,286.44502,123
14,2,2,14,True,LIMIT_ORDER,1,293.14806000000004,135
15,0,0,15,True,LIMIT_ORDER,1,284.22218000000004,101
15,2,2,15,False,LIMIT_ORDER,1,282.28461000000004,135
15,1,1,15,True,LIMIT_ORDER,1,303.57521,123
16,1,1,16,True,LIMIT_ORDER,1,310.73063,123
16,2,2,16,True,LIMIT_ORDER,1,298.37789000000004,135
16,0,0,16,True,LIMIT_ORDER,1,282.44137,101
17,0,0,17,False,LIMIT_ORDER,1,312.29654000000005,101
17,2,2,17,False,LIMIT_ORDER,1,260.70838000000003,135
17,1,1,17,True,LIMIT_ORDER,1,332.38575000000003,123
18,2,2,18,False,LIMIT_ORDER,1,295.93011,135
18,1,1,18,False,LIMIT_ORDER,1,306.66802,123
18,0,0,18,True,LIMIT_ORDER,1,287.94496000000004,101
19,1,1,19,True,LIMIT_ORDER,1,278.91586,123
19,2,2,19,True,LIMIT_ORDER,1,316.95139,135
19,0,0,19,True,LIMIT_ORDER,1,280.65991,101
20,1,1,20,False,LIMIT_ORDER,1,294.9617,123
20,0,0,20,False,LIMIT_ORDER,1,313.36415000000005,101
20,2,2,20,False,LIMIT_ORDER,1,285.05552,135
21,2,2,21,True,LIMIT_ORDER,1,305.40981000000005,135
21,0,0,21,True,LIMIT_ORDER,1,279.95528,101
21,1,1,21,True,LIMIT_ORDER,1,290.00748000000004,123
22,0,0,22,True,LIMIT_ORDER,1,288.87953000000005,101
22,1,1,22,True,LIMIT_ORDER,1,305.61657,123
22,2,2,22,True,LIMIT_ORDER,1,318.02787,135
23,1,1,23,True,LIMIT_ORDER,1,319.37821,123
23,2,2,23,True,LIMIT_ORDER,1,302.8761,135
23,0,0,23,True,LIMIT_ORDER,1,282.15513000000004,101
24,2,2,24,False,LIMIT_ORDER,1,263.82053,135
24,1,1,24,False,LIMIT_ORDER,1,300.13757000000004,123
24,0,0,24,False,LIMIT_ORDER,1,311.08637000000004,101
25,0,0,25,True,LIMIT_ORDER,1,282.21874,101
25,1,1,25,True,LIMIT_ORDER,1,283.32398,123
25,2,2,25,False,LIMIT_ORDER,1,278.84540000000004,135
26,0,0,26,False,LIMIT_ORDER,1,309.97144000000003,101
26,1,1,26,False,LIMIT_ORDER,1,300.9005,123
26,2,2,26,True,LIMIT_ORDER,1,314.96035,135
27,1,1,27,False,LIMIT_ORDER,1,259.99596,123
27,0,0,27,False,LIMIT_ORDER,1,321.5154,101
27,2,2,27,True,LIMIT_ORDER,1,293.20072000000005,135
28,0,0,28,False,LIMIT_ORDER,1,318.54562000000004,101
28,1,1,28,False,LIMIT_ORDER,1,278.34423000000004,123
28,2,2,28,False,LIMIT_ORDER,1,303.64324000000005,135
29,1,1,29,False,LIMIT_ORDER,1,299.37542,123
29,2,2,29,False,LIMIT_ORDER,1,282.99823000000004,135
29,0,0,29,False,LIMIT_ORDER,1,315.27458,101
30,0,0,30,False,LIMIT_ORDER,1,319.69561000000004,101
30,1,1,30,True,LIMIT_ORDER,1,311.51901000000004,123
30,2,2,30,True,LIMIT_ORDER,1,303.26251,135
31,2,2,31,False,LIMIT_ORDER,1,283.04169,135
31,0,0,31,False,LIMIT_ORDER,1,312.15762,101
31,1,1,31,False,LIMIT_ORDER,1,244.92688,123
32,1,1,32,True,LIMIT_ORDER,1,307.86297,123
32,0,0,32,False,LIMIT_ORDER,1,309.48389000000003,101
32,2,2,32,True,LIMIT_ORDER,1,291.34674,135
33,1,1,33,False,LIMIT_ORDER,1,313.08126000000004,123
33,0,0,33,False,LIMIT_ORDER,1,319.09129,101
33,2,2,33,True,LIMIT_ORDER,1,311.81678000000005,135
34,2,2,34,True,LIMIT_ORDER,1,291.68035000000003,135
34,0,0,34,False,LIMIT_ORDER,1,315.11273,101
34,1,1,34,False,LIMIT_ORDER,1,292.72787,123
35,0,0,35,True,LIMIT_ORDER,1,285.39833000000004,101
35,1,1,35,False,LIMIT_ORDER,1,305.21227000000005,123
35,2,2,35,False,LIMIT_ORDER,1,265.81619,135
36,0,0,36,False,LIMIT_ORDER,1,308.68359000000004,101
36,1,1,36,True,LIMIT_ORDER,1,378.55067,123
36,2,2,36,False,LIMIT_ORDER,1,306.84643,135
37,2,2,37,True,LIMIT_ORDER,1,327.62966,135
37,1,1,37,True,LIMIT_ORDER,1,311.79247000000004,123
37,0,0,37,True,LIMIT_ORDER,1,286.01564,101
38,1,1,38,True,LIMIT_ORDER,1,301.25014000000004,123
38,2,2,38,True,LIMIT_ORDER,1,301.95599000000004,135
38,0,0,38,False,LIMIT_ORDER,1,319.40596000000005,101
39,0,0,39,True,LIMIT_ORDER,1,283.23965000000004,101
39,1,1,39,False,LIMIT_ORDER,1,319.90110000000004,123
39,2,2,39,True,LIMIT_ORDER,1,321.39106000000004,135
40,0,0,40,True,LIMIT_ORDER,1,281.63252,101
40,1,1,40,False,LIMIT_ORDER,1,277.73975,123
40,2,2,40,False,LIMIT_ORDER,1,296.34338,135
41,2,2,41,True,LIMIT_ORDER,1,353.04355000000004,135
41,0,0,41,True,LIMIT_ORDER,1,283.47409000000005,101
41,1,1,41,False,LIMIT_ORDER,1,321.54951,123
42,0,0,42,True,LIMIT_ORDER,1,281.28786,101
42,2,2,42,True,LIMIT_ORDER,1,308.65015000000005,135
42,1,1,42,False,LIMIT_ORDER,1,307.04681000000005,123
43,2,2,43,True,LIMIT_ORDER,1,306.8287,135
43,0,0,43,False,LIMIT_ORDER,1,315.90745000000004,101
43,1,1,43,False,LIMIT_ORDER,1,279.26032000000004,123
44,0,0,44,True,LIMIT_ORDER,1,281.02282,101
44,1,1,44,True,LIMIT_ORDER,1,345.46767000000006,123
44,2,2,44,True,LIMIT_ORDER,1,328.58489000000003,135
45,2,2,45,False,LIMIT_ORDER,1,283.45698000000004,135
45,0,0,45,False,LIMIT_ORDER,1,307.22494,101
45,1,1,45,True,LIMIT_ORDER,1,294.03142,123
46,2,2,46,True,LIMIT_ORDER,1,300.45791,135
46,1,1,46,True,LIMIT_ORDER,1,283.48909000000003,123
46,0,0,46,False,LIMIT_ORDER,1,313.93602000000004,101
47,0,0,47,True,LIMIT_ORDER,1,301.71784,101
47,1,1,47,False,LIMIT_ORDER,1,301.14999,123
47,2,2,47,False,LIMIT_ORDER,1,294.70726,135
48,0,0,48,False,LIMIT_ORDER,1,306.555,101
48,2,2,48,True,LIMIT_ORDER,1,324.41745000000003,135
48,1,1,48,True,LIMIT_ORDER,1,314.68557000000004,123
49,1,1,49,False,LIMIT_ORDER,1,292.85307,123
49,0,0,49,True,LIMIT_ORDER,1,281.46371000000005,101
49,2,2,49,False,LIMIT_ORDER,1,306.22528,135
50,0,0,50,True,LIMIT_ORDER,1,296.82046,101
50,2,2,50,False,LIMIT_ORDER,1,289.06277,135
50,1,1,50,False,LIMIT_ORDER,1,268.03847,123
51,0,0,51,True,LIMIT_ORDER,1,278.87521000000004,101
51,2,2,51,True,LIMIT_ORDER,1,327.93451000000005,135
51,1,1,51,True,LIMIT_ORDER,1,283.66109,123
52,1,1,52,False,LIMIT_ORDER,1,284.60855000000004,123
52,2,2,52,True,LIMIT_ORDER,1,291.56978000000004,135
52,0,0,52,True,LIMIT_ORDER,1,286.72892,101
53,1,1,53,True,LIMIT_ORDER,1,337.37587,123
53,0,0,53,False,LIMIT_ORDER,1,316.83368,101
53,2,2,53,True,LIMIT_ORDER,1,325.24605,135
54,2,2,54,True,LIMIT_ORDER,1,339.37361000000004,135
54,1,1,54,True,LIMIT_ORDER,1,292.06280000000004,123
54,0,0,54,True,LIMIT_ORDER,1,290.68767,101
55,2,2,55,False,LIMIT_ORDER,1,308.57364,135
55,0,0,55,True,LIMIT_ORDER,1,280.97269,101
55,1,1,55,False,LIMIT_ORDER,1,260.52604,123
56,0,0,56,False,LIMIT_ORDER,1,311.86927000000003,101
56,2,2,56,False,LIMIT_ORDER,1,249.99071,135
56,1,1,56,True,LIMIT_ORDER,1,286.76279,123
57,2,2,57,True,LIMIT_ORDER,1,313.06954,135
57,1,1,57,False,LIMIT_ORDER,1,317.08911,123
57,0,0,57,False,LIMIT_ORDER,1,305.33523,101
58,0,0,58,True,LIMIT_ORDER,1,303.27892,101
58,1,1,58,True,LIMIT_ORDER,1,287.84975000000003,123
58,2,2,58,True,LIMIT_ORDER,1,307.14511000000005,135
59,2,2,59,True,LIMIT_ORDER,1,309.08705000000003,135
59,1,1,59,False,LIMIT_ORDER,1,274.95535,123
59,0,0,59,True,LIMIT_ORDER,1,284.07182,101
60,0,0,60,True,LIMIT_ORDER,1,300.48850000000004,101
60,1,1,60,True,LIMIT_ORDER,1,278.82114,123
60,2,2,60,False,LIMIT_ORDER,1,295.22023,135
61,0,0,61,True,LIMIT_ORDER,1,287.62426000000005,101
61,1,1,61,False,LIMIT_ORDER,1,218.63141000000002,123
61,2,2,61,False,LIMIT_ORDER,1,292.21161,135
62,2,2,62,True,LIMIT_ORDER,1,331.99304,135
62,1,1,62,True,LIMIT_ORDER,1,299.50986,123
62,0,0,62,True,LIMIT_ORDER,1,288.68580000000003,101
63,0,0,63,False,LIMIT_ORDER,1,312.37055000000004,101
63,2,2,63,False,LIMIT_ORDER,1,302.35183,135
63,1,1,63,True,LIMIT_ORDER,1,318.34934000000004,123
64,0,0,64,True,LIMIT_ORDER,1,286.28678,101
64,2,2,64,False,LIMIT_ORDER,1,287.73219,135
64,1,1,64,False,LIMIT_ORDER,1,298.92832000000004,123
65,1,1,65,True,LIMIT_ORDER,1,290.25134,123
65,0,0,65,True,LIMIT_ORDER,1,290.04642,101
65,2,2,65,True,LIMIT_ORDER,1,329.5871,135
66,2,2,66,True,LIMIT_ORDER,1,311.56764000000004,135
66,1,1,66,False,LIMIT_ORDER,1,273.89965,123
66,0,0,66,True,LIMIT_ORDER,1,283.54157000000004,101
67,0,0,67,False,LIMIT_ORDER,1,316.11783,101
67,2,2,67,True,LIMIT_ORDER,1,326.01223000000005,135
67,1,1,67,False,LIMIT_ORDER,1,263.12991,123
68,2,2,68,False,LIMIT_ORDER,1,297.84578000000005,135
68,1,1,68,True,LIMIT_ORDER,1,356.3389,123
68,0,0,68,False,LIMIT_ORDER,1,319.32192000000003,101
69,2,2,69,True,LIMIT_ORDER,1,300.71203,135
69,1,1,69,False,LIMIT_ORDER,1,296.75480000000005,123
69,0,0,69,True,LIMIT_ORDER,1,279.33713,101
70,0,0,70,True,LIMIT_ORDER,1,292.15224,101
70,2,2,70,True,LIMIT_ORDER,1,339.71158,135
70,1,1,70,False,LIMIT_ORDER,1,277.16837000000004,123
71,1,1,71,True,LIMIT_ORDER,1,283.83496,123
71,2,2,71,False,LIMIT_ORDER,1,283.91185,135
71,0,0,71,True,LIMIT_ORDER,1,287.31679,101
72,1,1,72,True,LIMIT_ORDER,1,308.68295,123
72,2,2,72,True,LIMIT_ORDER,1,348.52479000000005,135
72,0,0,72,False,LIMIT_ORDER,1,305.85765000000004,101
73,1,1,73,True,LIMIT_ORDER,1,318.75315,123
73,2,2,73,True,LIMIT_ORDER,1,326.76561000000004,135
73,0,0,73,True,LIMIT_ORDER,1,282.14586,101
74,0,0,74,True,LIMIT_ORDER,1,282.70357,101
74,2,2,74,False,LIMIT_ORDER,1,255.20853000000002,135
74,1,1,74,True,LIMIT_ORDER,1,293.20086000000003,123
75,0,0,75,True,LIMIT_ORDER,1,285.45025000000004,101
75,1,1,75,False,LIMIT_ORDER,1,277.32085,123
75,2,2,75,False,LIMIT_ORDER,1,307.33383000000003,135
76,0,0,76,False,LIMIT_ORDER,1,317.80449000000004,101
76,1,1,76,True,LIMIT_ORDER,1,296.82425,123
76,2,2,76,True,LIMIT_ORDER,1,316.14334,135
77,1,1,77,False,LIMIT_ORDER,1,294.58231,123
77,0,0,77,True,LIMIT_ORDER,1,287.45435000000003,101
77,2,2,77,False,LIMIT_ORDER,1,297.30232,135
78,0,0,78,True,LIMIT_ORDER,1,279.80579,101
78,1,1,78,True,LIMIT_ORDER,1,308.66813,123
78,2,2,78,False,LIMIT_ORDER,1,273.37425,135
79,0,0,79,True,LIMIT_ORDER,1,305.91296,101
79,1,1,79,True,LIMIT_ORDER,1,321.99325000000005,123
79,2,2,79,True,LIMIT_ORDER,1,304.03380000000004,135
80,0,0,80,True,LIMIT_ORDER,1,288.27969,101
80,2,2,80,False,LIMIT_ORDER,1,283.90314,135
80,1,1,80,True,LIMIT_ORDER,1,307.54973,123
81,0,0,81,True,LIMIT_ORDER,1,279.84925000000004,101
81,1,1,81,False,LIMIT_ORDER,1,313.7089,123
81,2,2,81,True,LIMIT_ORDER,1,291.69322,135
82,0,0,82,True,LIMIT_ORDER,1,279.07979,101
82,2,2,82,True,LIMIT_ORDER,1,328.43622000000005,135
82,1,1,82,False,LIMIT_ORDER,1,307.61318,123
83,2,2,83,False,LIMIT_ORDER,1,252.6271,135
83,0,0,83,False,LIMIT_ORDER,1,305.72378000000003,101
83,1,1,83,True,LIMIT_ORDER,1,294.22643000000005,123
84,1,1,84,False,LIMIT_ORDER,1,306.09630000000004,123
84,0,0,84,False,LIMIT_ORDER,1,316.18672000000004,101
84,2,2,84,True,LIMIT_ORDER,1,328.90271,135
85,2,2,85,False,LIMIT_ORDER,1,281.16963000000004,135
85,0,0,85,True,LIMIT_ORDER,1,282.56696000000005,101
85,1,1,85,False,LIMIT_ORDER,1,281.64469,123
86,0,0,86,False,LIMIT_ORDER,1,320.38476,101
86,2,2,86,False,LIMIT_ORDER,1,296.34796,135
86,1,1,86,False,LIMIT_ORDER,1,319.14090000000004,123
87,0,0,87,False,LIMIT_ORDER,1,314.41075,101
87,2,2,87,True,LIMIT_ORDER,1,322.34349000000003,135
87,1,1,87,True,LIMIT_ORDER,1,302.0196,123
88,0,0,88,True,LIMIT_ORDER,1,297.2748,101
88,2,2,88,True,LIMIT_ORDER,1,299.6503,135
88,1,1,88,True,LIMIT_ORDER,1,332.75797,123
89,1,1,89,True,LIMIT_ORDER,1,333.75992,123
89,0,0,89,False,LIMIT_ORDER,1,305.94095000000004,101
89,2,2,89,False,LIMIT_ORDER,1,268.98068,135
90,0,0,90,False,LIMIT_ORDER,1,321.4014,101
90,1,1,90,False,LIMIT_ORDER,1,299.57638000000003,123
90,2,2,90,False,LIMIT_ORDER,1,270.68434,135
91,1,1,91,False,LIMIT_ORDER,1,294.33508,123
91,0,0,91,False,LIMIT_ORDER,1,315.99607000000003,101
91,2,2,91,True,LIMIT_ORDER,1,300.70552000000004,135
92,1,1,92,False,LIMIT_ORDER,1,283.00346,123
92,0,0,92,True,LIMIT_ORDER,1,288.93597,101
92,2,2,92,True,LIMIT_ORDER,1,337.61229000000003,135
93,2,2,93,True,LIMIT_ORDER,1,330.44783,135
93,1,1,93,True,LIMIT_ORDER,1,323.98194,123
93,0,0,93,True,LIMIT_ORDER,1,278.26023000000004,101
94,0,0,94,True,LIMIT_ORDER,1,278.1734,101
94,2,2,94,False,LIMIT_ORDER,1,279.50718,135
94,1,1,94,True,LIMIT_ORDER,1,313.41839000000004,123
95,2,2,95,True,LIMIT_ORDER,1,341.18636000000004,135
95,1,1,95,True,LIMIT_ORDER,1,323.96049000000005,123
95,0,0,95,True,LIMIT_ORDER,1,279.46078,101
96,1,1,96,False,LIMIT_ORDER,1,289.0679,123
96,2,2,96,True,LIMIT_ORDER,1,337.132,135
96,0,0,96,True,LIMIT_ORDER,1,283.2959,101
97,1,1,97,True,LIMIT_ORDER,1,286.64226,123
97,0,0,97,False,LIMIT_ORDER,1,310.67321000000004,101
97,2,2,97,True,LIMIT_ORDER,1,315.97701,135
98,1,1,98,False,LIMIT_ORDER,1,294.00612,123
98,2,2,98,False,LIMIT_ORDER,1,301.14692,135
98,0,0,98,True,LIMIT_ORDER,1,282.97363,101
99,1,1,99,True,LIMIT_ORDER,1,311.98228,123
99,0,0,99,False,LIMIT_ORDER,1,310.47859000000005,101
99,2,2,99,True,LIMIT_ORDER,1,292.70932000000005,135
100,2,2,100,True,LIMIT_ORDER,1,306.26989000000003,135
101,51,2,100,True,LIMIT_ORDER,2,283.04169,1
100,51,0,100,False,LIMIT_ORDER,1,300.0,1
100,51,1,100,False,LIMIT_ORDER,1,300.0,1
101,1,1,100,False,LIMIT_ORDER,1,304.77687000000003,123
102,51,2,100,True,LIMIT_ORDER,2,283.04169,1
101,51,0,100,False,LIMIT_ORDER,1,301.53452000000004,1
102,51,1,100,False,LIMIT_ORDER,1,300.13757000000004,1
102,0,0,100,False,LIMIT_ORDER,1,302.57648,101
103,51,2,100,True,LIMIT_ORDER,2,283.04169,1
103,51,0,100,False,LIMIT_ORDER,1,301.71784,1
103,51,1,100,False,LIMIT_ORDER,1,300.13757000000004,1
104,0,0,101,False,LIMIT_ORDER,1,301.49657,101
104,58,2,101,True,LIMIT_ORDER,2,283.04169,1
105,58,0,101,False,LIMIT_ORDER,1,301.71784,1
104,58,1,101,False,LIMIT_ORDER,1,300.13757000000004,1
105,1,1,101,False,LIMIT_ORDER,1,292.16747000000004,123
105,58,2,101,True,LIMIT_ORDER,2,283.04169,1
106,58,0,101,False,LIMIT_ORDER,1,301.71784,1
106,58,1,101,False,LIMIT_ORDER,1,300.13757000000004,1
106,2,2,101,True,LIMIT_ORDER,1,285.0455,135
107,58,2,101,True,LIMIT_ORDER,2,283.04169,1
107,58,0,101,False,LIMIT_ORDER,1,301.71784,1
107,58,1,101,False,LIMIT_ORDER,1,300.13757000000004,1
108,0,0,102,False,LIMIT_ORDER,1,300.48289,101
108,16,2,102,True,LIMIT_ORDER,2,283.04169,1
109,16,0,102,False,LIMIT_ORDER,1,301.71784,1
108,16,1,102,False,LIMIT_ORDER,1,300.13757000000004,1
109,2,2,102,True,LIMIT_ORDER,1,313.02056000000005,135
110,16,2,102,False,LIMIT_ORDER,2,307.33383000000003,1
110,16,0,102,True,LIMIT_ORDER,1,301.71784,1
109,16,1,102,True,LIMIT_ORDER,1,300.13757000000004,1
110,1,1,102,True,LIMIT_ORDER,1,289.11889,123
111,16,2,102,False,LIMIT_ORDER,2,307.33383000000003,1
111,16,0,102,True,LIMIT_ORDER,1,301.71784,1
111,16,1,102,True,LIMIT_ORDER,1,300.13757000000004,1
112,2,2,103,True,LIMIT_ORDER,1,317.99348000000003,135
113,16,2,103,True,LIMIT_ORDER,2,297.30232,1
112,16,0,103,False,LIMIT_ORDER,1,301.71784,1
112,16,1,103,False,LIMIT_ORDER,1,300.13757000000004,1
113,1,1,103,True,LIMIT_ORDER,1,306.77104,123
114,16,2,103,True,LIMIT_ORDER,2,297.30232,1
113,16,0,103,False,LIMIT_ORDER,1,301.71784,1
114,16,1,103,False,LIMIT_ORDER,1,300.13757000000004,1
114,0,0,103,False,LIMIT_ORDER,1,296.49222000000003,101
115,16,2,103,True,LIMIT_ORDER,2,297.30232,1
115,16,0,103,False,LIMIT_ORDER,1,298.08437000000004,1
115,16,1,103,False,LIMIT_ORDER,1,300.13757000000004,1
116,0,0,104,False,LIMIT_ORDER,1,302.40453,101
116,96,2,104,True,LIMIT_ORDER,2,297.30232,1
117,96,0,104,False,LIMIT_ORDER,1,300.48851,1
116,96,1,104,False,LIMIT_ORDER,1,300.13757000000004,1
117,2,2,104,True,LIMIT_ORDER,1,295.37693,135
118,96,2,104,True,LIMIT_ORDER,2,297.30232,1
118,96,0,104,False,LIMIT_ORDER,1,300.48851,1
117,96,1,104,False,LIMIT_ORDER,1,300.13757000000004,1
118,1,1,104,True,LIMIT_ORDER,1,358.76661,123
119,96,2,104,True,LIMIT_ORDER,2,297.30232,1
119,96,0,104,False,LIMIT_ORDER,1,300.48851,1
119,96,1,104,False,LIMIT_ORDER,1,301.25195,1
120,2,2,105,True,LIMIT_ORDER,1,311.48704000000004,135
121,97,2,105,True,LIMIT_ORDER,2,296.56589,1
120,97,0,105,False,LIMIT_ORDER,1,300.48851,1
120,97,1,105,False,LIMIT_ORDER,1,301.25195,1
121,0,0,105,False,LIMIT_ORDER,1,305.7551,101
122,97,2,105,True,LIMIT_ORDER,2,296.56589,1
122,97,0,105,False,LIMIT_ORDER,1,300.48851,1
121,97,1,105,False,LIMIT_ORDER,1,301.25195,1
122,1,1,105,True,LIMIT_ORDER,1,293.35011000000003,123
123,97,2,105,True,LIMIT_ORDER,2,296.56589,1
123,97,0,105,False,LIMIT_ORDER,1,300.48851,1
123,97,1,105,False,LIMIT_ORDER,1,301.25195,1
124,2,2,106,True,LIMIT_ORDER,1,341.47903,135
125,13,2,106,True,LIMIT_ORDER,2,291.34674,1
124,13,0,106,False,LIMIT_ORDER,1,300.48851,1
124,13,1,106,False,LIMIT_ORDER,1,301.25195,1
125,1,1,106,True,LIMIT_ORDER,1,293.32826,123
126,13,2,106,True,LIMIT_ORDER,2,291.34674,1
125,13,0,106,False,LIMIT_ORDER,1,300.48851,1
126,13,1,106,False,LIMIT_ORDER,1,301.25195,1
126,0,0,106,False,LIMIT_ORDER,1,298.9959,101
127,13,2,106,True,LIMIT_ORDER,2,291.34674,1
127,13,0,106,False,LIMIT_ORDER,1,300.48851,1
127,13,1,106,False,LIMIT_ORDER,1,301.25195,1
128,2,2,107,False,LIMIT_ORDER,1,279.62965,135
129,94,2,107,True,LIMIT_ORDER,2,293.14806000000004,1
128,94,0,107,False,LIMIT_ORDER,1,300.48851,1
128,94,1,107,False,LIMIT_ORDER,1,301.25195,1
129,1,1,107,True,LIMIT_ORDER,1,303.09365,123
130,94,2,107,True,LIMIT_ORDER,2,293.14806000000004,1
129,94,0,107,False,LIMIT_ORDER,1,300.48851,1
130,94,1,107,False,LIMIT_ORDER,1,301.25195,1
130,0,0,107,False,LIMIT_ORDER,1,300.24434,101
131,94,2,107,True,LIMIT_ORDER,2,293.14806000000004,1
131,94,0,107,False,LIMIT_ORDER,1,300.48851,1
131,94,1,107,False,LIMIT_ORDER,1,301.25195,1
132,1,1,108,True,LIMIT_ORDER,1,281.59473,123
132,89,2,108,True,LIMIT_ORDER,2,293.14806000000004,1
132,89,0,108,False,LIMIT_ORDER,1,300.48851,1
133,89,1,108,False,LIMIT_ORDER,1,301.25195,1
133,0,0,108,False,LIMIT_ORDER,1,304.30678,101
133,89,2,108,True,LIMIT_ORDER,2,293.14806000000004,1
134,89,0,108,False,LIMIT_ORDER,1,300.48851,1
134,89,1,108,False,LIMIT_ORDER,1,301.25195,1
134,2,2,108,True,LIMIT_ORDER,1,314.67370000000005,135
135,89,2,108,True,LIMIT_ORDER,2,295.93011,1
135,89,0,108,False,LIMIT_ORDER,1,300.48851,1
135,89,1,108,False,LIMIT_ORDER,1,301.25195,1
136,0,0,109,False,LIMIT_ORDER,1,287.30916,101
136,2,2,109,False,LIMIT_ORDER,1,298.89637000000005,135
136,1,1,109,False,LIMIT_ORDER,1,316.35823000000005,123
137,2,2,110,True,LIMIT_ORDER,1,302.89325,135
137,1,1,110,False,LIMIT_ORDER,1,284.19,123
138,62,2,110,True,LIMIT_ORDER,2,295.93011,1
137,62,0,110,False,LIMIT_ORDER,1,288.68580000000003,1
138,62,1,110,False,LIMIT_ORDER,1,306.66802,1
138,0,0,110,False,LIMIT_ORDER,1,289.01629,101
139,62,2,110,True,LIMIT_ORDER,2,295.93011,1
139,62,0,110,False,LIMIT_ORDER,1,296.82046,1
139,62,1,110,False,LIMIT_ORDER,1,306.66802,1
140,0,0,111,False,LIMIT_ORDER,1,293.54112000000003,101
140,7,2,111,True,LIMIT_ORDER,2,295.93011,1
141,7,0,111,False,LIMIT_ORDER,1,296.82046,1
140,7,1,111,False,LIMIT_ORDER,1,306.66802,1
141,1,1,111,True,LIMIT_ORDER,1,285.96261000000004,123
141,7,2,111,True,LIMIT_ORDER,2,295.93011,1
142,7,0,111,False,LIMIT_ORDER,1,296.82046,1
142,7,1,111,False,LIMIT_ORDER,1,306.66802,1
142,2,2,111,True,LIMIT_ORDER,1,286.35598000000005,135
143,7,2,111,True,LIMIT_ORDER,2,295.93011,1
143,7,0,111,False,LIMIT_ORDER,1,296.82046,1
143,7,1,111,False,LIMIT_ORDER,1,306.66802,1
144,1,1,112,True,LIMIT_ORDER,1,286.04893000000004,123
144,34,2,112,True,LIMIT_ORDER,2,295.93011,1
144,34,0,112,False,LIMIT_ORDER,1,296.82046,1
145,34,1,112,False,LIMIT_ORDER,1,306.66802,1
145,0,0,112,False,LIMIT_ORDER,1,297.40865,101
145,34,2,112,True,LIMIT_ORDER,2,295.93011,1
146,34,0,112,False,LIMIT_ORDER,1,296.82046,1
146,34,1,112,False,LIMIT_ORDER,1,306.66802,1
146,2,2,112,True,LIMIT_ORDER,1,329.56377000000003,135
147,34,2,112,True,LIMIT_ORDER,2,285.69104000000004,1
147,34,0,112,False,LIMIT_ORDER,1,296.82046,1
147,34,1,112,False,LIMIT_ORDER,1,306.66802,1
148,1,1,113,False,LIMIT_ORDER,1,326.73259,123
148,80,2,113,True,LIMIT_ORDER,2,285.69104000000004,1
148,80,0,113,False,LIMIT_ORDER,1,296.82046,1
149,80,1,113,False,LIMIT_ORDER,1,306.66802,1
149,2,2,113,False,LIMIT_ORDER,1,262.68022,135
150,80,2,113,True,LIMIT_ORDER,2,291.68035000000003,1
149,80,0,113,False,LIMIT_ORDER,1,296.82046,1
150,80,1,113,False,LIMIT_ORDER,1,306.66802,1
150,0,0,113,False,LIMIT_ORDER,1,306.71814,101
151,80,2,113,True,LIMIT_ORDER,2,291.68035000000003,1
151,80,0,113,False,LIMIT_ORDER,1,296.82046,1
151,80,1,113,False,LIMIT_ORDER,1,306.66802,1
152,1,1,114,False,LIMIT_ORDER,1,287.68125000000003,123
152,57,2,114,True,LIMIT_ORDER,2,291.68035000000003,1
152,57,0,114,False,LIMIT_ORDER,1,296.82046,1
153,57,1,114,False,LIMIT_ORDER,1,306.66802,1
153,0,0,114,False,LIMIT_ORDER,1,305.75434,101
153,57,2,114,True,LIMIT_ORDER,2,291.68035000000003,1
154,57,0,114,False,LIMIT_ORDER,1,296.82046,1
154,57,1,114,False,LIMIT_ORDER,1,306.66802,1
154,2,2,114,False,LIMIT_ORDER,1,300.65700000000004,135
155,57,2,114,True,LIMIT_ORDER,2,291.68035000000003,1
155,57,0,114,False,LIMIT_ORDER,1,296.82046,1
155,57,1,114,False,LIMIT_ORDER,1,306.66802,1
156,1,1,115,True,LIMIT_ORDER,1,287.37834000000004,123
156,36,2,115,True,LIMIT_ORDER,2,291.68035000000003,1
156,36,0,115,False,LIMIT_ORDER,1,296.82046,1
157,36,1,115,False,LIMIT_ORDER,1,306.66802,1
157,0,0,115,False,LIMIT_ORDER,1,274.61687,101
157,36,2,115,True,LIMIT_ORDER,2,291.68035000000003,1
158,36,0,115,False,LIMIT_ORDER,1,288.27969,1
158,36,1,115,False,LIMIT_ORDER,1,306.66802,1
158,2,2,115,False,LIMIT_ORDER,1,278.81975,135
159,36,2,115,False,LIMIT_ORDER,2,303.26251,1
159,36,0,115,True,LIMIT_ORDER,1,288.93596,1
159,36,1,115,True,LIMIT_ORDER,1,306.66802,1
160,0,0,116,False,LIMIT_ORDER,1,287.47414000000003,101
160,3,2,116,False,LIMIT_ORDER,2,303.26251,1
161,3,0,116,True,LIMIT_ORDER,1,290.68767,1
160,3,1,116,True,LIMIT_ORDER,1,306.66802,1
161,1,1,116,False,LIMIT_ORDER,1,279.67455,123
161,3,2,116,False,LIMIT_ORDER,2,303.26251,1
162,3,0,116,True,LIMIT_ORDER,1,290.68767,1
162,3,1,116,True,LIMIT_ORDER,1,298.92832000000004,1
162,2,2,116,False,LIMIT_ORDER,1,265.30285000000003,135
163,3,2,116,False,LIMIT_ORDER,2,306.22528,1
163,3,0,116,True,LIMIT_ORDER,1,290.68767,1
163,3,1,116,True,LIMIT_ORDER,1,298.92832000000004,1
164,2,2,117,True,LIMIT_ORDER,1,342.73760000000004,135
165,61,2,117,False,LIMIT_ORDER,2,301.62425,1
164,61,0,117,True,LIMIT_ORDER,1,290.68767,1
164,61,1,117,True,LIMIT_ORDER,1,298.92832000000004,1
165,0,0,117,False,LIMIT_ORDER,1,277.02721,101
166,61,2,117,False,LIMIT_ORDER,2,301.62425,1
166,61,0,117,True,LIMIT_ORDER,1,292.15224,1
165,61,1,117,True,LIMIT_ORDER,1,298.92832000000004,1
166,1,1,117,True,LIMIT_ORDER,1,284.42852000000005,123
167,61,2,117,False,LIMIT_ORDER,2,301.62425,1
167,61,0,117,True,LIMIT_ORDER,1,292.15224,1
167,61,1,117,True,LIMIT_ORDER,1,298.92832000000004,1
168,0,0,118,False,LIMIT_ORDER,1,302.50672000000003,101
168,53,2,118,False,LIMIT_ORDER,2,301.62425,1
169,53,0,118,True,LIMIT_ORDER,1,292.15224,1
168,53,1,118,True,LIMIT_ORDER,1,298.92832000000004,1
169,1,1,118,True,LIMIT_ORDER,1,306.67972000000003,123
169,53,2,118,False,LIMIT_ORDER,2,301.62425,1
170,53,0,118,True,LIMIT_ORDER,1,292.15224,1
170,53,1,118,True,LIMIT_ORDER,1,298.92832000000004,1
170,2,2,118,False,LIMIT_ORDER,1,271.34196000000003,135
171,53,2,118,False,LIMIT_ORDER,2,318.02787,1
171,53,0,118,True,LIMIT_ORDER,1,292.15224,1
171,53,1,118,True,LIMIT_ORDER,1,298.92832000000004,1
172,2,2,119,True,LIMIT_ORDER,1,326.40681,135
173,33,2,119,False,LIMIT_ORDER,2,301.62425,1
172,33,0,119,True,LIMIT_ORDER,1,292.15224,1
172,33,1,119,True,LIMIT_ORDER,1,298.92832000000004,1
173,0,0,119,False,LIMIT_ORDER,1,297.27466000000004,101
174,33,2,119,False,LIMIT_ORDER,2,301.62425,1
174,33,0,119,True,LIMIT_ORDER,1,292.15224,1
173,33,1,119,True,LIMIT_ORDER,1,298.92832000000004,1
174,1,1,119,False,LIMIT_ORDER,1,254.22973000000002,123
175,33,2,119,False,LIMIT_ORDER,2,301.62425,1
175,33,0,119,True,LIMIT_ORDER,1,292.15224,1
175,33,1,119,True,LIMIT_ORDER,1,294.9617,1
176,2,2,120,False,LIMIT_ORDER,1,293.28544000000005,135
177,98,2,120,False,LIMIT_ORDER,2,300.71203,1
176,98,0,120,True,LIMIT_ORDER,1,292.15224,1
176,98,1,120,True,LIMIT_ORDER,1,294.9617,1
177,0,0,120,False,LIMIT_ORDER,1,301.87324,101
178,98,2,120,False,LIMIT_ORDER,2,300.71203,1
178,98,0,120,True,LIMIT_ORDER,1,292.15224,1
177,98,1,120,True,LIMIT_ORDER,1,294.9617,1
178,1,1,120,False,LIMIT_ORDER,1,276.99987000000004,123
179,98,2,120,False,LIMIT_ORDER,2,300.71203,1
179,98,0,120,True,LIMIT_ORDER,1,292.15224,1
179,98,1,120,True,LIMIT_ORDER,1,290.25134,1
180,2,2,121,False,LIMIT_ORDER,1,305.52731,135
181,37,2,121,False,LIMIT_ORDER,2,300.71203,1
180,37,0,121,True,LIMIT_ORDER,1,292.15224,1
180,37,1,121,True,LIMIT_ORDER,1,290.25134,1
181,0,0,121,False,LIMIT_ORDER,1,290.5781,101
182,37,2,121,False,LIMIT_ORDER,2,300.71203,1
182,37,0,121,True,LIMIT_ORDER,1,292.15224,1
181,37,1,121,True,LIMIT_ORDER,1,290.25134,1
182,1,1,121,False,LIMIT_ORDER,1,301.51467,123
183,37,2,121,False,LIMIT_ORDER,2,300.71203,1
183,37,0,121,True,LIMIT_ORDER,1,292.15224,1
183,37,1,121,True,LIMIT_ORDER,1,290.25134,1
184,1,1,122,False,LIMIT_ORDER,1,276.35836,123
184,66,2,122,False,LIMIT_ORDER,2,300.71203,1
184,66,0,122,True,LIMIT_ORDER,1,292.15224,1
185,66,1,122,True,LIMIT_ORDER,1,290.00748000000004,1
185,0,0,122,False,LIMIT_ORDER,1,293.67578000000003,101
185,66,2,122,False,LIMIT_ORDER,2,300.71203,1
186,66,0,122,True,LIMIT_ORDER,1,292.15224,1
186,66,1,122,True,LIMIT_ORDER,1,290.00748000000004,1
186,2,2,122,False,LIMIT_ORDER,1,298.48046000000005,135
187,66,2,122,False,LIMIT_ORDER,2,321.39106000000004,1
187,66,0,122,True,LIMIT_ORDER,1,290.5781,1
187,66,1,122,True,LIMIT_ORDER,1,290.00748000000004,1
188,1,1,123,True,LIMIT_ORDER,1,269.66518,123
188,83,2,123,False,LIMIT_ORDER,2,321.39106000000004,1
188,83,0,123,True,LIMIT_ORDER,1,290.5781,1
189,83,1,123,True,LIMIT_ORDER,1,290.00748000000004,1
189,0,0,123,False,LIMIT_ORDER,1,304.23308000000003,101
189,83,2,123,False,LIMIT_ORDER,2,321.39106000000004,1
190,83,0,123,True,LIMIT_ORDER,1,290.5781,1
190,83,1,123,True,LIMIT_ORDER,1,290.00748000000004,1
190,2,2,123,False,LIMIT_ORDER,1,328.28713000000005,135
191,83,2,123,False,LIMIT_ORDER,2,321.39106000000004,1
191,83,0,123,True,LIMIT_ORDER,1,290.5781,1
191,83,1,123,True,LIMIT_ORDER,1,290.00748000000004,1
192,2,2,124,False,LIMIT_ORDER,1,320.62696000000005,135
193,83,2,124,False,LIMIT_ORDER,2,321.39106000000004,1
192,83,0,124,True,LIMIT_ORDER,1,290.5781,1
192,83,1,124,True,LIMIT_ORDER,1,290.00748000000004,1
193,0,0,124,False,LIMIT_ORDER,1,294.67456000000004,101
194,83,2,124,False,LIMIT_ORDER,2,321.39106000000004,1
194,83,0,124,True,LIMIT_ORDER,1,290.5781,1
193,83,1,124,True,LIMIT_ORDER,1,290.00748000000004,1
194,1,1,124,False,LIMIT_ORDER,1,293.81967000000003,123
195,83,2,124,False,LIMIT_ORDER,2,321.39106000000004,1
195,83,0,124,True,LIMIT_ORDER,1,290.5781,1
195,83,1,124,True,LIMIT_ORDER,1,307.86297,1
196,0,0,125,False,LIMIT_ORDER,1,302.59466000000003,101
196,38,2,125,False,LIMIT_ORDER,2,321.39106000000004,1
197,38,0,125,True,LIMIT_ORDER,1,290.5781,1
196,38,1,125,True,LIMIT_ORDER,1,307.86297,1
197,2,2,125,True,LIMIT_ORDER,1,316.49074,135
198,38,2,125,False,LIMIT_ORDER,2,321.39106000000004,1
198,38,0,125,True,LIMIT_ORDER,1,290.5781,1
197,38,1,125,True,LIMIT_ORDER,1,307.86297,1
198,1,1,125,False,LIMIT_ORDER,1,290.32212000000004,123
199,38,2,125,False,LIMIT_ORDER,2,321.39106000000004,1
199,38,0,125,True,LIMIT_ORDER,1,290.5781,1
199,38,1,125,True,LIMIT_ORDER,1,307.86297,1
200,2,2,126,False,LIMIT_ORDER,1,327.78338,135
201,55,2,126,False,LIMIT_ORDER,2,321.39106000000004,1
200,55,0,126,True,LIMIT_ORDER,1,290.5781,1
200,55,1,126,True,LIMIT_ORDER,1,307.86297,1
201,0,0,126,False,LIMIT_ORDER,1,296.98022000000003,101
202,55,2,126,False,LIMIT_ORDER,2,321.39106000000004,1
202,55,0,126,True,LIMIT_ORDER,1,290.5781,1
201,55,1,126,True,LIMIT_ORDER,1,307.86297,1
202,1,1,126,True,LIMIT_ORDER,1,304.34845,123
203,55,2,126,False,LIMIT_ORDER,2,321.39106000000004,1
203,55,0,126,True,LIMIT_ORDER,1,290.5781,1
203,55,1,126,True,LIMIT_ORDER,1,307.86297,1
204,2,2,127,False,LIMIT_ORDER,1,313.66061,135
205,83,2,127,False,LIMIT_ORDER,2,316.49074,1
204,83,0,127,True,LIMIT_ORDER,1,290.5781,1
204,83,1,127,True,LIMIT_ORDER,1,307.86297,1
205,1,1,127,True,LIMIT_ORDER,1,321.24705,123
206,83,2,127,False,LIMIT_ORDER,2,316.49074,1
205,83,0,127,True,LIMIT_ORDER,1,290.5781,1
206,83,1,127,True,LIMIT_ORDER,1,290.32212000000004,1
206,0,0,127,True,LIMIT_ORDER,1,270.67017000000004,101
207,83,2,127,False,LIMIT_ORDER,2,316.49074,1
207,83,0,127,True,LIMIT_ORDER,1,290.5781,1
207,83,1,127,True,LIMIT_ORDER,1,290.32212000000004,1
208,0,0,128,False,LIMIT_ORDER,1,299.14253,101
208,29,2,128,False,LIMIT_ORDER,2,316.49074,1
209,29,0,128,True,LIMIT_ORDER,1,290.5781,1
208,29,1,128,True,LIMIT_ORDER,1,290.32212000000004,1
209,1,1,128,True,LIMIT_ORDER,1,299.21205000000003,123
209,29,2,128,False,LIMIT_ORDER,2,316.49074,1
210,29,0,128,True,LIMIT_ORDER,1,290.5781,1
210,29,1,128,True,LIMIT_ORDER,1,290.32212000000004,1
210,2,2,128,False,LIMIT_ORDER,1,291.37274,135
211,29,2,128,False,LIMIT_ORDER,2,302.8761,1
211,29,0,128,True,LIMIT_ORDER,1,290.5781,1
211,29,1,128,True,LIMIT_ORDER,1,290.32212000000004,1
212,1,1,129,False,LIMIT_ORDER,1,288.41471,123
212,27,2,129,False,LIMIT_ORDER,2,302.8761,1
212,27,0,129,True,LIMIT_ORDER,1,290.5781,1
213,27,1,129,True,LIMIT_ORDER,1,303.57521,1
213,0,0,129,False,LIMIT_ORDER,1,296.47793,101
213,27,2,129,False,LIMIT_ORDER,2,302.8761,1
214,27,0,129,True,LIMIT_ORDER,1,290.5781,1
214,27,1,129,True,LIMIT_ORDER,1,303.57521,1
214,2,2,129,True,LIMIT_ORDER,1,318.7656,135
215,27,2,129,False,LIMIT_ORDER,2,302.8761,1
215,27,0,129,True,LIMIT_ORDER,1,290.5781,1
215,27,1,129,True,LIMIT_ORDER,1,303.57521,1
216,1,1,130,False,LIMIT_ORDER,1,302.23188000000005,123
216,82,2,130,False,LIMIT_ORDER,2,302.8761,1
216,82,0,130,True,LIMIT_ORDER,1,290.5781,1
217,82,1,130,True,LIMIT_ORDER,1,303.57521,1
217,0,0,130,False,LIMIT_ORDER,1,294.19124000000005,101
217,82,2,130,False,LIMIT_ORDER,2,302.8761,1
218,82,0,130,True,LIMIT_ORDER,1,290.5781,1
218,82,1,130,True,LIMIT_ORDER,1,303.57521,1
218,2,2,130,False,LIMIT_ORDER,1,291.41368,135
219,82,2,130,False,LIMIT_ORDER,2,302.8761,1
219,82,0,130,True,LIMIT_ORDER,1,290.5781,1
219,82,1,130,True,LIMIT_ORDER,1,303.57521,1
220,1,1,131,False,LIMIT_ORDER,1,320.92821000000004,123
220,58,2,131,False,LIMIT_ORDER,2,302.8761,1
220,58,0,131,True,LIMIT_ORDER,1,290.5781,1
221,58,1,131,True,LIMIT_ORDER,1,303.57521,1
221,0,0,131,False,LIMIT_ORDER,1,300.15605000000005,101
221,58,2,131,False,LIMIT_ORDER,2,302.8761,1
222,58,0,131,True,LIMIT_ORDER,1,290.5781,1
222,58,1,131,True,LIMIT_ORDER,1,303.57521,1
222,2,2,131,False,LIMIT_ORDER,1,296.61689,135
223,58,2,131,False,LIMIT_ORDER,2,302.8761,1
223,58,0,131,True,LIMIT_ORDER,1,290.5781,1
223,58,1,131,True,LIMIT_ORDER,1,303.57521,1
224,0,0,132,False,LIMIT_ORDER,1,285.56167000000005,101
224,8,2,132,False,LIMIT_ORDER,2,302.8761,1
225,8,0,132,True,LIMIT_ORDER,1,290.5781,1
224,8,1,132,True,LIMIT_ORDER,1,303.57521,1
225,1,1,132,True,LIMIT_ORDER,1,300.55947000000003,123
225,8,2,132,False,LIMIT_ORDER,2,302.8761,1
226,8,0,132,True,LIMIT_ORDER,1,290.5781,1
226,8,1,132,True,LIMIT_ORDER,1,303.57521,1
226,2,2,132,False,LIMIT_ORDER,1,302.02044,135
227,8,2,132,False,LIMIT_ORDER,2,302.8761,1
227,8,0,132,True,LIMIT_ORDER,1,290.5781,1
227,8,1,132,True,LIMIT_ORDER,1,303.57521,1
228,0,0,133,False,LIMIT_ORDER,1,289.7706,101
228,61,2,133,False,LIMIT_ORDER,2,302.8761,1
229,61,0,133,True,LIMIT_ORDER,1,290.5781,1
228,61,1,133,True,LIMIT_ORDER,1,303.57521,1
229,2,2,133,False,LIMIT_ORDER,1,312.10336,135
230,61,2,133,False,LIMIT_ORDER,2,302.8761,1
230,61,0,133,True,LIMIT_ORDER,1,290.5781,1
229,61,1,133,True,LIMIT_ORDER,1,303.57521,1
230,1,1,133,False,LIMIT_ORDER,1,267.55843000000004,123
231,61,2,133,False,LIMIT_ORDER,2,302.8761,1
231,61,0,133,True,LIMIT_ORDER,1,290.5781,1
231,61,1,133,True,LIMIT_ORDER,1,287.84975000000003,1
232,2,2,134,False,LIMIT_ORDER,1,261.48602,135
233,33,2,134,False,LIMIT_ORDER,2,292.70933,1
232,33,0,134,True,LIMIT_ORDER,1,290.5781,1
232,33,1,134,True,LIMIT_ORDER,1,287.84975000000003,1
233,0,0,134,False,LIMIT_ORDER,1,292.17891000000003,101
234,33,2,134,False,LIMIT_ORDER,2,304.03380000000004,1
234,33,0,134,True,LIMIT_ORDER,1,290.5781,1
233,33,1,134,True,LIMIT_ORDER,1,287.84975000000003,1
234,1,1,134,True,LIMIT_ORDER,1,299.64336000000003,123
235,33,2,134,False,LIMIT_ORDER,2,304.03380000000004,1
235,33,0,134,True,LIMIT_ORDER,1,290.5781,1
235,33,1,134,True,LIMIT_ORDER,1,287.84975000000003,1
236,2,2,135,False,LIMIT_ORDER,1,291.05628,135
237,96,2,135,False,LIMIT_ORDER,2,299.6503,1
236,96,0,135,True,LIMIT_ORDER,1,290.5781,1
236,96,1,135,True,LIMIT_ORDER,1,287.84975000000003,1
237,1,1,135,True,LIMIT_ORDER,1,271.83564,123
238,96,2,135,False,LIMIT_ORDER,2,299.6503,1
237,96,0,135,True,LIMIT_ORDER,1,290.5781,1
238,96,1,135,True,LIMIT_ORDER,1,287.84975000000003,1
238,0,0,135,True,LIMIT_ORDER,1,274.59020000000004,101
239,96,2,135,False,LIMIT_ORDER,2,299.6503,1
239,96,0,135,True,LIMIT_ORDER,1,290.5781,1
239,96,1,135,True,LIMIT_ORDER,1,287.84975000000003,1
240,2,2,136,False,LIMIT_ORDER,1,249.77444000000003,135
241,6,2,136,False,LIMIT_ORDER,2,302.89325,1
240,6,0,136,True,LIMIT_ORDER,1,290.5781,1
240,6,1,136,True,LIMIT_ORDER,1,287.84975000000003,1
241,0,0,136,False,LIMIT_ORDER,1,297.50428000000005,101
242,6,2,136,False,LIMIT_ORDER,2,302.89325,1
242,6,0,136,True,LIMIT_ORDER,1,290.5781,1
241,6,1,136,True,LIMIT_ORDER,1,287.84975000000003,1
242,1,1,136,False,LIMIT_ORDER,1,297.74651,123
243,6,2,136,False,LIMIT_ORDER,2,302.89325,1
243,6,0,136,True,LIMIT_ORDER,1,290.5781,1
243,6,1,136,True,LIMIT_ORDER,1,287.84975000000003,1
244,0,0,137,True,LIMIT_ORDER,1,270.44066000000004,101
244,67,2,137,False,LIMIT_ORDER,2,302.89325,1
245,67,0,137,True,LIMIT_ORDER,1,290.5781,1
244,67,1,137,True,LIMIT_ORDER,1,287.84975000000003,1
245,2,2,137,False,LIMIT_ORDER,1,292.97817000000003,135
246,67,2,137,False,LIMIT_ORDER,2,302.89325,1
246,67,0,137,True,LIMIT_ORDER,1,290.5781,1
245,67,1,137,True,LIMIT_ORDER,1,287.84975000000003,1
246,1,1,137,True,LIMIT_ORDER,1,300.04562000000004,123
247,67,2,137,False,LIMIT_ORDER,2,302.89325,1
247,67,0,137,True,LIMIT_ORDER,1,290.5781,1
247,67,1,137,True,LIMIT_ORDER,1,287.84975000000003,1
248,2,2,138,False,LIMIT_ORDER,1,298.08505,135
249,36,2,138,False,LIMIT_ORDER,2,302.89325,1
248,36,0,138,True,LIMIT_ORDER,1,290.5781,1
248,36,1,138,True,LIMIT_ORDER,1,287.84975000000003,1
249,0,0,138,False,LIMIT_ORDER,1,303.11150000000004,101
250,36,2,138,False,LIMIT_ORDER,2,302.89325,1
250,36,0,138,True,LIMIT_ORDER,1,290.5781,1
249,36,1,138,True,LIMIT_ORDER,1,287.84975000000003,1
250,1,1,138,True,LIMIT_ORDER,1,280.39063000000004,123
251,36,2,138,False,LIMIT_ORDER,2,302.89325,1
251,36,0,138,True,LIMIT_ORDER,1,290.5781,1
251,36,1,138,True,LIMIT_ORDER,1,287.84975000000003,1
252,2,2,139,False,LIMIT_ORDER,1,311.39525000000003,135
253,10,2,139,False,LIMIT_ORDER,2,302.89325,1
252,10,0,139,True,LIMIT_ORDER,1,290.5781,1
252,10,1,139,True,LIMIT_ORDER,1,287.84975000000003,1
253,0,0,139,False,LIMIT_ORDER,1,309.14201,101
254,10,2,139,False,LIMIT_ORDER,2,302.89325,1
254,10,0,139,True,LIMIT_ORDER,1,290.5781,1
253,10,1,139,True,LIMIT_ORDER,1,287.84975000000003,1
254,1,1,139,True,LIMIT_ORDER,1,280.73492000000005,123
255,10,2,139,False,LIMIT_ORDER,2,302.89325,1
255,10,0,139,True,LIMIT_ORDER,1,290.5781,1
255,10,1,139,True,LIMIT_ORDER,1,287.84975000000003,1
256,2,2,140,False,LIMIT_ORDER,1,310.01854000000003,135
257,97,2,140,False,LIMIT_ORDER,2,302.89325,1
256,97,0,140,True,LIMIT_ORDER,1,290.5781,1
256,97,1,140,True,LIMIT_ORDER,1,287.84975000000003,1
257,0,0,140,False,LIMIT_ORDER,1,297.89026,101
258,97,2,140,False,LIMIT_ORDER,2,302.89325,1
258,97,0,140,True,LIMIT_ORDER,1,290.5781,1
257,97,1,140,True,LIMIT_ORDER,1,287.84975000000003,1
258,1,1,140,True,LIMIT_ORDER,1,278.00547,123
259,97,2,140,False,LIMIT_ORDER,2,302.89325,1
259,97,0,140,True,LIMIT_ORDER,1,290.5781,1
259,97,1,140,True,LIMIT_ORDER,1,287.84975000000003,1
260,1,1,141,True,LIMIT_ORDER,1,280.49933000000004,123
260,38,2,141,False,LIMIT_ORDER,2,302.89325,1
260,38,0,141,True,LIMIT_ORDER,1,290.5781,1
261,38,1,141,True,LIMIT_ORDER,1,287.84975000000003,1
261,2,2,141,False,LIMIT_ORDER,1,286.45383000000004,135
262,38,2,141,False,LIMIT_ORDER,2,302.89325,1
261,38,0,141,True,LIMIT_ORDER,1,290.5781,1
262,38,1,141,True,LIMIT_ORDER,1,287.84975000000003,1
262,0,0,141,False,LIMIT_ORDER,1,294.58162000000004,101
263,38,2,141,False,LIMIT_ORDER,2,302.89325,1
263,38,0,141,True,LIMIT_ORDER,1,290.5781,1
263,38,1,141,True,LIMIT_ORDER,1,287.84975000000003,1
264,1,1,142,False,LIMIT_ORDER,1,299.87751000000003,123
264,100,2,142,False,LIMIT_ORDER,2,302.89325,1
264,100,0,142,True,LIMIT_ORDER,1,290.5781,1
265,100,1,142,True,LIMIT_ORDER,1,287.84975000000003,1
265,0,0,142,False,LIMIT_ORDER,1,284.75133,101
265,100,2,142,False,LIMIT_ORDER,2,302.89325,1
266,100,0,142,True,LIMIT_ORDER,1,290.5781,1
266,100,1,142,True,LIMIT_ORDER,1,287.84975000000003,1
266,2,2,142,True,LIMIT_ORDER,1,344.51289,135
267,100,2,142,False,LIMIT_ORDER,2,300.45791,1
267,100,0,142,True,LIMIT_ORDER,1,290.5781,1
267,100,1,142,True,LIMIT_ORDER,1,287.84975000000003,1
268,2,2,143,False,LIMIT_ORDER,1,291.48692,135
269,71,2,143,False,LIMIT_ORDER,2,300.45791,1
268,71,0,143,True,LIMIT_ORDER,1,290.5781,1
268,71,1,143,True,LIMIT_ORDER,1,287.84975000000003,1
269,1,1,143,True,LIMIT_ORDER,1,285.24315,123
270,71,2,143,False,LIMIT_ORDER,2,300.45791,1
269,71,0,143,True,LIMIT_ORDER,1,290.5781,1
270,71,1,143,True,LIMIT_ORDER,1,287.84975000000003,1
270,0,0,143,False,LIMIT_ORDER,1,284.30042000000003,101
271,71,2,143,False,LIMIT_ORDER,2,300.45791,1
271,71,0,143,True,LIMIT_ORDER,1,290.5781,1
271,71,1,143,True,LIMIT_ORDER,1,287.84975000000003,1
272,2,2,144,False,LIMIT_ORDER,1,293.25710000000004,135
273,50,2,144,False,LIMIT_ORDER,2,300.45791,1
272,50,0,144,True,LIMIT_ORDER,1,290.5781,1
272,50,1,144,True,LIMIT_ORDER,1,287.84975000000003,1
273,0,0,144,False,LIMIT_ORDER,1,305.80605,101
274,50,2,144,False,LIMIT_ORDER,2,300.45791,1
274,50,0,144,True,LIMIT_ORDER,1,290.5781,1
273,50,1,144,True,LIMIT_ORDER,1,287.84975000000003,1
274,1,1,144,True,LIMIT_ORDER,1,339.56206000000003,123
275,50,2,144,False,LIMIT_ORDER,2,300.45791,1
275,50,0,144,True,LIMIT_ORDER,1,290.5781,1
275,50,1,144,True,LIMIT_ORDER,1,296.75480000000005,1
276,1,1,145,True,LIMIT_ORDER,1,330.76820000000004,123
276,0,0,145,False,LIMIT_ORDER,1,301.80589000000003,101
276,2,2,145,False,LIMIT_ORDER,1,303.19645,135
277,2,2,146,False,LIMIT_ORDER,1,273.44241,135
278,5,2,146,True,LIMIT_ORDER,2,286.35598000000005,1
277,5,0,146,False,LIMIT_ORDER,1,290.5781,1
277,5,1,146,False,LIMIT_ORDER,1,308.68295,1
278,0,0,146,False,LIMIT_ORDER,1,307.56018,101
279,5,2,146,True,LIMIT_ORDER,2,286.35598000000005,1
279,5,0,146,False,LIMIT_ORDER,1,290.5781,1
278,5,1,146,False,LIMIT_ORDER,1,308.68295,1
279,1,1,146,False,LIMIT_ORDER,1,326.60327,123
280,5,2,146,True,LIMIT_ORDER,2,286.35598000000005,1
280,5,0,146,False,LIMIT_ORDER,1,290.5781,1
280,5,1,146,False,LIMIT_ORDER,1,308.68295,1
281,1,1,147,False,LIMIT_ORDER,1,296.26289,123
281,42,2,147,True,LIMIT_ORDER,2,286.35598000000005,1
281,42,0,147,False,LIMIT_ORDER,1,290.5781,1
282,42,1,147,False,LIMIT_ORDER,1,308.68295,1
282,2,2,147,True,LIMIT_ORDER,1,297.04247000000004,135
283,42,2,147,True,LIMIT_ORDER,2,286.35598000000005,1
282,42,0,147,False,LIMIT_ORDER,1,290.5781,1
283,42,1,147,False,LIMIT_ORDER,1,308.68295,1
283,0,0,147,False,LIMIT_ORDER,1,287.17814000000004,101
284,42,2,147,True,LIMIT_ORDER,2,286.35598000000005,1
284,42,0,147,False,LIMIT_ORDER,1,290.5781,1
284,42,1,147,False,LIMIT_ORDER,1,308.68295,1
285,1,1,148,False,LIMIT_ORDER,1,280.84111,123
285,20,2,148,True,LIMIT_ORDER,2,286.35598000000005,1
285,20,0,148,False,LIMIT_ORDER,1,290.5781,1
286,20,1,148,False,LIMIT_ORDER,1,294.22644,1
286,0,0,148,True,LIMIT_ORDER,1,273.13018,101
286,20,2,148,True,LIMIT_ORDER,2,286.35598000000005,1
287,20,0,148,False,LIMIT_ORDER,1,290.5781,1
287,20,1,148,False,LIMIT_ORDER,1,294.22644,1
287,2,2,148,True,LIMIT_ORDER,1,302.74186000000003,135
288,20,2,148,True,LIMIT_ORDER,2,286.35598000000005,1
288,20,0,148,False,LIMIT_ORDER,1,290.5781,1
288,20,1,148,False,LIMIT_ORDER,1,294.22644,1
289,0,0,149,False,LIMIT_ORDER,1,277.54083,101
289,2,2,149,False,LIMIT_ORDER,1,268.64707000000004,135
290,8,2,149,False,LIMIT_ORDER,2,293.25710000000004,1
290,8,0,149,True,LIMIT_ORDER,1,279.46077,1
289,8,1,149,True,LIMIT_ORDER,1,294.22643000000005,1
290,1,1,149,False,LIMIT_ORDER,1,269.60433,123
291,8,2,149,False,LIMIT_ORDER,2,297.04247000000004,1
291,8,0,149,True,LIMIT_ORDER,1,279.46077,1
291,8,1,149,True,LIMIT_ORDER,1,294.00612,1
292,2,2,150,False,LIMIT_ORDER,1,281.39486000000005,135
293,53,2,150,False,LIMIT_ORDER,2,297.04247000000004,1
292,53,0,150,True,LIMIT_ORDER,1,279.46077,1
292,53,1,150,True,LIMIT_ORDER,1,294.00612,1
293,0,0,150,False,LIMIT_ORDER,1,287.26716000000005,101
294,53,2,150,False,LIMIT_ORDER,2,297.04247000000004,1
294,53,0,150,True,LIMIT_ORDER,1,279.46077,1
293,53,1,150,True,LIMIT_ORDER,1,284.60855000000004,1
294,1,1,150,False,LIMIT_ORDER,1,278.53878000000003,123
295,53,2,150,False,LIMIT_ORDER,2,297.04247000000004,1
295,53,0,150,True,LIMIT_ORDER,1,279.46077,1
295,53,1,150,True,LIMIT_ORDER,1,304.34845,1
296,1,1,151,True,LIMIT_ORDER,1,400.23438000000004,123
296,55,2,151,False,LIMIT_ORDER,2,297.04247000000004,1
296,55,0,151,True,LIMIT_ORDER,1,279.46077,1
297,55,1,151,True,LIMIT_ORDER,1,305.21227000000005,1
297,0,0,151,False,LIMIT_ORDER,1,293.98225,101
297,55,2,151,False,LIMIT_ORDER,2,297.04247000000004,1
298,55,0,151,True,LIMIT_ORDER,1,279.46077,1
298,55,1,151,True,LIMIT_ORDER,1,305.21227000000005,1
298,2,2,151,False,LIMIT_ORDER,1,299.24388000000005,135
299,55,2,151,False,LIMIT_ORDER,2,297.04247000000004,1
299,55,0,151,True,LIMIT_ORDER,1,279.46077,1
299,55,1,151,True,LIMIT_ORDER,1,305.21227000000005,1
300,2,2,152,True,LIMIT_ORDER,1,331.35658,135
301,34,2,152,True,LIMIT_ORDER,2,281.39486000000005,1
300,34,0,152,False,LIMIT_ORDER,1,279.46078,1
300,34,1,152,False,LIMIT_ORDER,1,305.21228,1
301,1,1,152,False,LIMIT_ORDER,1,292.9467,123
302,34,2,152,True,LIMIT_ORDER,2,281.39486000000005,1
301,34,0,152,False,LIMIT_ORDER,1,287.45435000000003,1
302,34,1,152,False,LIMIT_ORDER,1,305.21228,1
302,0,0,152,False,LIMIT_ORDER,1,297.8002,101
303,34,2,152,True,LIMIT_ORDER,2,281.39486000000005,1
303,34,0,152,False,LIMIT_ORDER,1,287.45435000000003,1
303,34,1,152,False,LIMIT_ORDER,1,305.21228,1
304,1,1,153,True,LIMIT_ORDER,1,390.43255000000005,123
304,40,2,153,True,LIMIT_ORDER,2,281.39486000000005,1
304,40,0,153,False,LIMIT_ORDER,1,287.45435000000003,1
305,40,1,153,False,LIMIT_ORDER,1,307.61318,1
305,2,2,153,True,LIMIT_ORDER,1,330.06694000000005,135
306,40,2,153,False,LIMIT_ORDER,2,312.10336,1
305,40,0,153,True,LIMIT_ORDER,1,287.45435000000003,1
306,40,1,153,True,LIMIT_ORDER,1,307.61317,1
306,0,0,153,False,LIMIT_ORDER,1,296.69206,101
307,40,2,153,False,LIMIT_ORDER,2,312.10336,1
307,40,0,153,True,LIMIT_ORDER,1,287.26716000000005,1
307,40,1,153,True,LIMIT_ORDER,1,294.33507000000003,1
308,1,1,154,True,LIMIT_ORDER,1,276.73984,123
308,28,2,154,False,LIMIT_ORDER,2,312.10336,1
308,28,0,154,True,LIMIT_ORDER,1,287.26716000000005,1
309,28,1,154,True,LIMIT_ORDER,1,294.33507000000003,1
309,0,0,154,True,LIMIT_ORDER,1,273.02968000000004,101
309,28,2,154,False,LIMIT_ORDER,2,312.10336,1
310,28,0,154,True,LIMIT_ORDER,1,287.26716000000005,1
310,28,1,154,True,LIMIT_ORDER,1,294.33507000000003,1
310,2,2,154,False,LIMIT_ORDER,1,288.64724,135
311,28,2,154,False,LIMIT_ORDER,2,312.10336,1
311,28,0,154,True,LIMIT_ORDER,1,287.26716000000005,1
311,28,1,154,True,LIMIT_ORDER,1,294.33507000000003,1
312,1,1,155,True,LIMIT_ORDER,1,298.22907000000004,123
312,39,2,155,False,LIMIT_ORDER,2,312.10336,1
312,39,0,155,True,LIMIT_ORDER,1,287.26716000000005,1
313,39,1,155,True,LIMIT_ORDER,1,294.33507000000003,1
313,0,0,155,False,LIMIT_ORDER,1,305.04372,101
313,39,2,155,False,LIMIT_ORDER,2,312.10336,1
314,39,0,155,True,LIMIT_ORDER,1,287.26716000000005,1
314,39,1,155,True,LIMIT_ORDER,1,294.33507000000003,1
314,2,2,155,True,LIMIT_ORDER,1,309.77072000000004,135
315,39,2,155,True,LIMIT_ORDER,2,288.64724,1
315,39,0,155,False,LIMIT_ORDER,1,287.26717,1
315,39,1,155,False,LIMIT_ORDER,1,294.33508,1
316,1,1,156,True,LIMIT_ORDER,1,275.0396,123
316,100,2,156,True,LIMIT_ORDER,2,288.64724,1
316,100,0,156,False,LIMIT_ORDER,1,287.31679,1
317,100,1,156,False,LIMIT_ORDER,1,294.33508,1
317,0,0,156,False,LIMIT_ORDER,1,291.97611,101
317,100,2,156,True,LIMIT_ORDER,2,288.64724,1
318,100,0,156,False,LIMIT_ORDER,1,287.31679,1
318,100,1,156,False,LIMIT_ORDER,1,294.33508,1
318,2,2,156,False,LIMIT_ORDER,1,260.90296,135
319,100,2,156,True,LIMIT_ORDER,2,288.64724,1
319,100,0,156,False,LIMIT_ORDER,1,287.31679,1
319,100,1,156,False,LIMIT_ORDER,1,294.33508,1
320,0,0,157,False,LIMIT_ORDER,1,290.55731000000003,101
320,93,2,157,True,LIMIT_ORDER,2,288.64724,1
321,93,0,157,False,LIMIT_ORDER,1,287.31679,1
320,93,1,157,False,LIMIT_ORDER,1,294.33508,1
321,2,2,157,True,LIMIT_ORDER,1,282.48009,135
322,93,2,157,True,LIMIT_ORDER,2,288.64724,1
322,93,0,157,False,LIMIT_ORDER,1,287.31679,1
321,93,1,157,False,LIMIT_ORDER,1,294.33508,1
322,1,1,157,False,LIMIT_ORDER,1,298.52141,123
323,93,2,157,True,LIMIT_ORDER,2,288.64724,1
323,93,0,157,False,LIMIT_ORDER,1,287.31679,1
323,93,1,157,False,LIMIT_ORDER,1,294.33508,1
324,1,1,158,False,LIMIT_ORDER,1,281.19421,123
324,42,2,158,False,LIMIT_ORDER,2,288.64724,1
324,42,0,158,True,LIMIT_ORDER,1,287.31679,1
325,42,1,158,True,LIMIT_ORDER,1,286.64226,1
325,0,0,158,False,LIMIT_ORDER,1,288.73962,101
325,42,2,158,False,LIMIT_ORDER,2,288.64724,1
326,42,0,158,True,LIMIT_ORDER,1,287.31679,1
326,42,1,158,True,LIMIT_ORDER,1,286.64226,1
326,2,2,158,True,LIMIT_ORDER,1,337.52811,135
327,42,2,158,False,LIMIT_ORDER,2,337.52811,1
327,42,0,158,True,LIMIT_ORDER,1,287.31679,1
327,42,1,158,True,LIMIT_ORDER,1,286.64226,1
328,1,1,159,True,LIMIT_ORDER,1,271.5675,123
328,76,2,159,False,LIMIT_ORDER,2,337.52811,1
328,76,0,159,True,LIMIT_ORDER,1,287.31679,1
329,76,1,159,True,LIMIT_ORDER,1,286.64226,1
329,2,2,159,False,LIMIT_ORDER,1,305.75622000000004,135
330,76,2,159,False,LIMIT_ORDER,2,337.52811,1
329,76,0,159,True,LIMIT_ORDER,1,287.31679,1
330,76,1,159,True,LIMIT_ORDER,1,286.64226,1
330,0,0,159,False,LIMIT_ORDER,1,282.37627000000003,101
331,76,2,159,False,LIMIT_ORDER,2,337.52811,1
331,76,0,159,True,LIMIT_ORDER,1,287.31679,1
331,76,1,159,True,LIMIT_ORDER,1,286.64226,1
332,1,1,160,True,LIMIT_ORDER,1,285.28281000000004,123
332,31,2,160,False,LIMIT_ORDER,2,337.52811,1
332,31,0,160,True,LIMIT_ORDER,1,287.31679,1
333,31,1,160,True,LIMIT_ORDER,1,286.64226,1
333,2,2,160,False,LIMIT_ORDER,1,328.10488000000004,135
334,31,2,160,False,LIMIT_ORDER,2,337.52811,1
333,31,0,160,True,LIMIT_ORDER,1,287.31679,1
334,31,1,160,True,LIMIT_ORDER,1,286.64226,1
334,0,0,160,False,LIMIT_ORDER,1,307.61343000000005,101
335,31,2,160,False,LIMIT_ORDER,2,337.52811,1
335,31,0,160,True,LIMIT_ORDER,1,287.31679,1
335,31,1,160,True,LIMIT_ORDER,1,286.64226,1
336,0,0,161,False,LIMIT_ORDER,1,298.02868,101
336,32,2,161,False,LIMIT_ORDER,2,337.52811,1
337,32,0,161,True,LIMIT_ORDER,1,287.31679,1
336,32,1,161,True,LIMIT_ORDER,1,286.64226,1
337,2,2,161,False,LIMIT_ORDER,1,313.42677000000003,135
338,32,2,161,False,LIMIT_ORDER,2,337.52811,1
338,32,0,161,True,LIMIT_ORDER,1,287.31679,1
337,32,1,161,True,LIMIT_ORDER,1,286.64226,1
338,1,1,161,False,LIMIT_ORDER,1,306.29958000000005,123
339,32,2,161,False,LIMIT_ORDER,2,337.52811,1
339,32,0,161,True,LIMIT_ORDER,1,287.31679,1
339,32,1,161,True,LIMIT_ORDER,1,286.64226,1
340,2,2,162,True,LIMIT_ORDER,1,335.50051,135
341,80,2,162,False,LIMIT_ORDER,2,302.02044,1
340,80,0,162,True,LIMIT_ORDER,1,287.31679,1
340,80,1,162,True,LIMIT_ORDER,1,286.64226,1
341,1,1,162,False,LIMIT_ORDER,1,285.04885,123
342,80,2,162,False,LIMIT_ORDER,2,302.02044,1
341,80,0,162,True,LIMIT_ORDER,1,287.31679,1
342,80,1,162,True,LIMIT_ORDER,1,293.35011000000003,1
342,0,0,162,False,LIMIT_ORDER,1,291.55559000000005,101
343,80,2,162,False,LIMIT_ORDER,2,302.02044,1
343,80,0,162,True,LIMIT_ORDER,1,287.31679,1
343,80,1,162,True,LIMIT_ORDER,1,293.35011000000003,1
344,2,2,163,False,LIMIT_ORDER,1,301.43987000000004,135
345,8,2,163,False,LIMIT_ORDER,2,302.02044,1
344,8,0,163,True,LIMIT_ORDER,1,287.31679,1
344,8,1,163,True,LIMIT_ORDER,1,293.35011000000003,1
345,1,1,163,False,LIMIT_ORDER,1,250.78313000000003,123
346,8,2,163,False,LIMIT_ORDER,2,302.02044,1
345,8,0,163,True,LIMIT_ORDER,1,287.31679,1
346,8,1,163,True,LIMIT_ORDER,1,283.48909000000003,1
346,0,0,163,False,LIMIT_ORDER,1,299.54283000000004,101
347,8,2,163,False,LIMIT_ORDER,2,302.02044,1
347,8,0,163,True,LIMIT_ORDER,1,287.31679,1
347,8,1,163,True,LIMIT_ORDER,1,283.48909000000003,1
348,2,2,164,False,LIMIT_ORDER,1,264.42799,135
349,76,2,164,True,LIMIT_ORDER,2,282.48009,1
348,76,0,164,False,LIMIT_ORDER,1,287.31679,1
348,76,1,164,False,LIMIT_ORDER,1,283.48909000000003,1
349,1,1,164,True,LIMIT_ORDER,1,282.54853,123
350,76,2,164,True,LIMIT_ORDER,2,282.48009,1
349,76,0,164,False,LIMIT_ORDER,1,290.04642,1
350,76,1,164,False,LIMIT_ORDER,1,299.64336000000003,1
350,0,0,164,False,LIMIT_ORDER,1,299.91821000000004,101
351,76,2,164,True,LIMIT_ORDER,2,282.48009,1
351,76,0,164,False,LIMIT_ORDER,1,290.04642,1
351,76,1,164,False,LIMIT_ORDER,1,299.64336000000003,1
352,0,0,165,False,LIMIT_ORDER,1,308.01492,101
352,52,2,165,True,LIMIT_ORDER,2,282.48009,1
353,52,0,165,False,LIMIT_ORDER,1,290.04642,1
352,52,1,165,False,LIMIT_ORDER,1,299.64336000000003,1
353,2,2,165,True,LIMIT_ORDER,1,277.17691,135
354,52,2,165,True,LIMIT_ORDER,2,282.48009,1
354,52,0,165,False,LIMIT_ORDER,1,290.04642,1
353,52,1,165,False,LIMIT_ORDER,1,299.64336000000003,1
354,1,1,165,True,LIMIT_ORDER,1,307.11288,123
355,52,2,165,True,LIMIT_ORDER,2,282.48009,1
355,52,0,165,False,LIMIT_ORDER,1,290.04642,1
355,52,1,165,False,LIMIT_ORDER,1,299.64336000000003,1
356,1,1,166,False,LIMIT_ORDER,1,293.65024,123
356,61,2,166,True,LIMIT_ORDER,2,282.48009,1
356,61,0,166,False,LIMIT_ORDER,1,290.04642,1
357,61,1,166,False,LIMIT_ORDER,1,299.64336000000003,1
357,2,2,166,True,LIMIT_ORDER,1,347.10654000000005,135
358,61,2,166,False,LIMIT_ORDER,2,311.39525000000003,1
357,61,0,166,True,LIMIT_ORDER,1,290.04642,1
358,61,1,166,True,LIMIT_ORDER,1,299.64336000000003,1
358,0,0,166,True,LIMIT_ORDER,1,276.03421000000003,101
359,61,2,166,False,LIMIT_ORDER,2,311.39525000000003,1
359,61,0,166,True,LIMIT_ORDER,1,290.04642,1
359,61,1,166,True,LIMIT_ORDER,1,299.64336000000003,1
360,2,2,167,True,LIMIT_ORDER,1,365.78635,135
361,72,2,167,False,LIMIT_ORDER,2,301.43987000000004,1
360,72,0,167,True,LIMIT_ORDER,1,290.04642,1
360,72,1,167,True,LIMIT_ORDER,1,299.64336000000003,1
361,0,0,167,False,LIMIT_ORDER,1,304.19277000000005,101
362,72,2,167,False,LIMIT_ORDER,2,301.43987000000004,1
362,72,0,167,True,LIMIT_ORDER,1,290.04642,1
361,72,1,167,True,LIMIT_ORDER,1,299.64336000000003,1
362,1,1,167,False,LIMIT_ORDER,1,295.48472000000004,123
363,72,2,167,False,LIMIT_ORDER,2,301.43987000000004,1
363,72,0,167,True,LIMIT_ORDER,1,290.04642,1
363,72,1,167,True,LIMIT_ORDER,1,299.64336000000003,1
364,0,0,168,False,LIMIT_ORDER,1,290.46608000000003,101
364,39,2,168,False,LIMIT_ORDER,2,301.43987000000004,1
365,39,0,168,True,LIMIT_ORDER,1,290.04642,1
364,39,1,168,True,LIMIT_ORDER,1,299.64336000000003,1
365,2,2,168,False,LIMIT_ORDER,1,302.78393,135
366,39,2,168,False,LIMIT_ORDER,2,301.43987000000004,1
366,39,0,168,True,LIMIT_ORDER,1,290.04642,1
365,39,1,168,True,LIMIT_ORDER,1,299.64336000000003,1
366,1,1,168,False,LIMIT_ORDER,1,278.46427,123
367,39,2,168,False,LIMIT_ORDER,2,301.43987000000004,1
367,39,0,168,True,LIMIT_ORDER,1,290.04642,1
367,39,1,168,True,LIMIT_ORDER,1,299.64336000000003,1
368,0,0,169,False,LIMIT_ORDER,1,308.26858000000004,101
368,102,2,169,False,LIMIT_ORDER,2,301.43987000000004,1
369,102,0,169,True,LIMIT_ORDER,1,290.04642,1
368,102,1,169,True,LIMIT_ORDER,1,299.64336000000003,1
369,1,1,169,True,LIMIT_ORDER,1,279.52735,123
369,102,2,169,False,LIMIT_ORDER,2,301.43987000000004,1
370,102,0,169,True,LIMIT_ORDER,1,290.04642,1
370,102,1,169,True,LIMIT_ORDER,1,299.64336000000003,1
370,2,2,169,True,LIMIT_ORDER,1,306.30018,135
371,102,2,169,False,LIMIT_ORDER,2,299.24389,1
371,102,0,169,True,LIMIT_ORDER,1,290.04642,1
371,102,1,169,True,LIMIT_ORDER,1,299.64336000000003,1
372,2,2,170,True,LIMIT_ORDER,1,293.48331,135
373,52,2,170,False,LIMIT_ORDER,2,299.24389,1
372,52,0,170,True,LIMIT_ORDER,1,290.04642,1
372,52,1,170,True,LIMIT_ORDER,1,299.64336000000003,1
373,0,0,170,False,LIMIT_ORDER,1,295.97653,101
374,52,2,170,False,LIMIT_ORDER,2,299.24389,1
374,52,0,170,True,LIMIT_ORDER,1,290.04642,1
373,52,1,170,True,LIMIT_ORDER,1,299.64336000000003,1
374,1,1,170,False,LIMIT_ORDER,1,284.26271,123
375,52,2,170,False,LIMIT_ORDER,2,299.24389,1
375,52,0,170,True,LIMIT_ORDER,1,290.04642,1
375,52,1,170,True,LIMIT_ORDER,1,299.64336000000003,1
376,1,1,171,False,LIMIT_ORDER,1,297.4449,123
376,8,2,171,False,LIMIT_ORDER,2,299.24389,1
376,8,0,171,True,LIMIT_ORDER,1,290.04642,1
377,8,1,171,True,LIMIT_ORDER,1,299.64336000000003,1
377,2,2,171,False,LIMIT_ORDER,1,300.79381,135
378,8,2,171,False,LIMIT_ORDER,2,299.24389,1
377,8,0,171,True,LIMIT_ORDER,1,290.04642,1
378,8,1,171,True,LIMIT_ORDER,1,299.64336000000003,1
378,0,0,171,False,LIMIT_ORDER,1,301.89869000000004,101
379,8,2,171,False,LIMIT_ORDER,2,299.24389,1
379,8,0,171,True,LIMIT_ORDER,1,290.04642,1
379,8,1,171,True,LIMIT_ORDER,1,299.64336000000003,1
380,0,0,172,False,LIMIT_ORDER,1,290.66873000000004,101
380,17,2,172,False,LIMIT_ORDER,2,299.24389,1
381,17,0,172,True,LIMIT_ORDER,1,290.04642,1
380,17,1,172,True,LIMIT_ORDER,1,299.64336000000003,1
381,2,2,172,True,LIMIT_ORDER,1,302.60805000000005,135
382,17,2,172,False,LIMIT_ORDER,2,302.60806,1
382,17,0,172,True,LIMIT_ORDER,1,290.04642,1
381,17,1,172,True,LIMIT_ORDER,1,299.64336000000003,1
382,1,1,172,True,LIMIT_ORDER,1,301.43819,123
383,17,2,172,False,LIMIT_ORDER,2,302.60806,1
383,17,0,172,True,LIMIT_ORDER,1,290.04642,1
383,17,1,172,True,LIMIT_ORDER,1,298.22907000000004,1
384,0,0,173,False,LIMIT_ORDER,1,296.67809,101
384,15,2,173,False,LIMIT_ORDER,2,302.60806,1
385,15,0,173,True,LIMIT_ORDER,1,290.04642,1
384,15,1,173,True,LIMIT_ORDER,1,298.22907000000004,1
385,1,1,173,True,LIMIT_ORDER,1,319.00239000000005,123
385,2,2,173,True,LIMIT_ORDER,1,303.8657,135
386,15,2,173,True,LIMIT_ORDER,2,299.24389,1
386,15,0,173,False,LIMIT_ORDER,1,290.04642,1
386,15,1,173,False,LIMIT_ORDER,1,316.35824,1
387,0,0,174,False,LIMIT_ORDER,1,289.31291000000004,101
387,63,2,174,True,LIMIT_ORDER,2,299.24389,1
388,63,0,174,False,LIMIT_ORDER,1,290.04642,1
387,63,1,174,False,LIMIT_ORDER,1,316.35824,1
388,2,2,174,False,LIMIT_ORDER,1,245.61934000000002,135
389,63,2,174,True,LIMIT_ORDER,2,299.24389,1
389,63,0,174,False,LIMIT_ORDER,1,290.04642,1
388,63,1,174,False,LIMIT_ORDER,1,316.35824,1
389,1,1,174,False,LIMIT_ORDER,1,282.74501000000004,123
390,63,2,174,False,LIMIT_ORDER,2,299.24389,1
390,63,0,174,True,LIMIT_ORDER,1,290.04642,1
390,63,1,174,True,LIMIT_ORDER,1,300.55947000000003,1
391,2,2,175,True,LIMIT_ORDER,1,308.86473,135
392,44,2,175,False,LIMIT_ORDER,2,300.79381,1
391,44,0,175,True,LIMIT_ORDER,1,290.04642,1
391,44,1,175,True,LIMIT_ORDER,1,294.58231,1
392,0,0,175,False,LIMIT_ORDER,1,301.25371,101
393,44,2,175,False,LIMIT_ORDER,2,300.79381,1
393,44,0,175,True,LIMIT_ORDER,1,290.04642,1
392,44,1,175,True,LIMIT_ORDER,1,294.58231,1
393,1,1,175,True,LIMIT_ORDER,1,299.11030000000005,123
394,44,2,175,False,LIMIT_ORDER,2,300.79381,1
394,44,0,175,True,LIMIT_ORDER,1,290.04642,1
394,44,1,175,True,LIMIT_ORDER,1,294.58231,1
395,2,2,176,True,LIMIT_ORDER,1,296.1188,135
396,25,2,176,False,LIMIT_ORDER,2,300.79381,1
395,25,0,176,True,LIMIT_ORDER,1,290.04642,1
395,25,1,176,True,LIMIT_ORDER,1,294.58231,1
396,0,0,176,False,LIMIT_ORDER,1,287.22059,101
397,25,2,176,False,LIMIT_ORDER,2,300.79381,1
397,25,0,176,True,LIMIT_ORDER,1,290.04642,1
396,25,1,176,True,LIMIT_ORDER,1,294.58231,1
397,1,1,176,False,LIMIT_ORDER,1,311.2269,123
398,25,2,176,False,LIMIT_ORDER,2,300.79381,1
398,25,0,176,True,LIMIT_ORDER,1,290.04642,1
398,25,1,176,True,LIMIT_ORDER,1,294.58231,1
399,0,0,177,False,LIMIT_ORDER,1,309.16519000000005,101
399,70,2,177,False,LIMIT_ORDER,2,300.79381,1
400,70,0,177,True,LIMIT_ORDER,1,290.04642,1
399,70,1,177,True,LIMIT_ORDER,1,294.58231,1
400,2,2,177,False,LIMIT_ORDER,1,282.37816000000004,135
401,70,2,177,False,LIMIT_ORDER,2,296.1188,1
401,70,0,177,True,LIMIT_ORDER,1,290.04642,1
400,70,1,177,True,LIMIT_ORDER,1,294.58231,1
401,1,1,177,False,LIMIT_ORDER,1,299.10723,123
402,70,2,177,False,LIMIT_ORDER,2,296.1188,1
402,70,0,177,True,LIMIT_ORDER,1,290.04642,1
402,70,1,177,True,LIMIT_ORDER,1,294.58231,1
403,2,2,178,False,LIMIT_ORDER,1,289.96036000000004,135
404,53,2,178,False,LIMIT_ORDER,2,293.48331,1
403,53,0,178,True,LIMIT_ORDER,1,290.04642,1
403,53,1,178,True,LIMIT_ORDER,1,294.58231,1
404,0,0,178,False,LIMIT_ORDER,1,292.53279000000003,101
405,53,2,178,False,LIMIT_ORDER,2,293.48331,1
405,53,0,178,True,LIMIT_ORDER,1,290.04642,1
404,53,1,178,True,LIMIT_ORDER,1,294.58231,1
405,1,1,178,False,LIMIT_ORDER,1,294.88406000000003,123
406,53,2,178,True,LIMIT_ORDER,2,293.48331,1
406,53,0,178,False,LIMIT_ORDER,1,290.04642,1
406,53,1,178,False,LIMIT_ORDER,1,299.11031,1
407,2,2,179,False,LIMIT_ORDER,1,271.19683000000003,135
408,71,2,179,True,LIMIT_ORDER,2,277.17691,1
407,71,0,179,False,LIMIT_ORDER,1,290.04642,1
407,71,1,179,False,LIMIT_ORDER,1,299.11031,1
408,0,0,179,False,LIMIT_ORDER,1,303.87956,101
409,71,2,179,True,LIMIT_ORDER,2,277.17691,1
409,71,0,179,False,LIMIT_ORDER,1,290.04642,1
408,71,1,179,False,LIMIT_ORDER,1,299.11031,1
409,1,1,179,False,LIMIT_ORDER,1,288.87015,123
410,71,2,179,True,LIMIT_ORDER,2,277.17691,1
410,71,0,179,False,LIMIT_ORDER,1,290.04642,1
410,71,1,179,False,LIMIT_ORDER,1,299.11031,1
411,1,1,180,True,LIMIT_ORDER,1,298.64259000000004,123
411,56,2,180,True,LIMIT_ORDER,2,277.17691,1
411,56,0,180,False,LIMIT_ORDER,1,290.04642,1
412,56,1,180,False,LIMIT_ORDER,1,288.87015,1
412,0,0,180,False,LIMIT_ORDER,1,294.20844,101
412,56,2,180,True,LIMIT_ORDER,2,277.17691,1
413,56,0,180,False,LIMIT_ORDER,1,290.04642,1
413,56,1,180,False,LIMIT_ORDER,1,288.87015,1
413,2,2,180,False,LIMIT_ORDER,1,263.95463,135
414,56,2,180,True,LIMIT_ORDER,2,277.17691,1
414,56,0,180,False,LIMIT_ORDER,1,290.04642,1
414,56,1,180,False,LIMIT_ORDER,1,288.87015,1
415,2,2,181,False,LIMIT_ORDER,1,263.30533,135
416,43,2,181,True,LIMIT_ORDER,2,277.17691,1
415,43,0,181,False,LIMIT_ORDER,1,290.04642,1
415,43,1,181,False,LIMIT_ORDER,1,288.87015,1
416,0,0,181,False,LIMIT_ORDER,1,301.16446,101
417,43,2,181,True,LIMIT_ORDER,2,277.17691,1
417,43,0,181,False,LIMIT_ORDER,1,290.04642,1
416,43,1,181,False,LIMIT_ORDER,1,288.87015,1
417,1,1,181,True,LIMIT_ORDER,1,317.57556000000005,123
418,43,2,181,True,LIMIT_ORDER,2,277.17691,1
418,43,0,181,False,LIMIT_ORDER,1,290.04642,1
418,43,1,181,False,LIMIT_ORDER,1,288.87015,1
419,0,0,182,False,LIMIT_ORDER,1,286.64602,101
419,28,2,182,True,LIMIT_ORDER,2,277.17691,1
420,28,0,182,False,LIMIT_ORDER,1,290.04642,1
419,28,1,182,False,LIMIT_ORDER,1,288.87015,1
420,1,1,182,True,LIMIT_ORDER,1,269.40151000000003,123
420,28,2,182,True,LIMIT_ORDER,2,277.17691,1
421,28,0,182,False,LIMIT_ORDER,1,290.04642,1
421,28,1,182,False,LIMIT_ORDER,1,288.87015,1
421,2,2,182,False,LIMIT_ORDER,1,277.97442,135
422,28,2,182,True,LIMIT_ORDER,2,277.17691,1
422,28,0,182,False,LIMIT_ORDER,1,290.04642,1
422,28,1,182,False,LIMIT_ORDER,1,288.87015,1
423,2,2,183,True,LIMIT_ORDER,1,274.33533,135
424,50,2,183,True,LIMIT_ORDER,2,277.17691,1
423,50,0,183,False,LIMIT_ORDER,1,290.04642,1
423,50,1,183,False,LIMIT_ORDER,1,288.87015,1
424,0,0,183,True,LIMIT_ORDER,1,274.22632000000004,101
425,50,2,183,True,LIMIT_ORDER,2,277.17691,1
425,50,0,183,False,LIMIT_ORDER,1,290.04642,1
424,50,1,183,False,LIMIT_ORDER,1,288.87015,1
425,1,1,183,True,LIMIT_ORDER,1,284.88919000000004,123
426,50,2,183,True,LIMIT_ORDER,2,277.17691,1
426,50,0,183,False,LIMIT_ORDER,1,290.04642,1
426,50,1,183,False,LIMIT_ORDER,1,288.87015,1
427,1,1,184,True,LIMIT_ORDER,1,303.81477,123
427,20,2,184,True,LIMIT_ORDER,2,277.17691,1
427,20,0,184,False,LIMIT_ORDER,1,290.04642,1
428,20,1,184,False,LIMIT_ORDER,1,288.87015,1
428,0,0,184,False,LIMIT_ORDER,1,288.6091,101
428,20,2,184,True,LIMIT_ORDER,2,277.17691,1
429,20,0,184,False,LIMIT_ORDER,1,290.04642,1
429,20,1,184,False,LIMIT_ORDER,1,288.87015,1
429,2,2,184,True,LIMIT_ORDER,1,307.42112000000003,135
430,20,2,184,True,LIMIT_ORDER,2,277.97442,1
430,20,0,184,False,LIMIT_ORDER,1,290.04642,1
430,20,1,184,False,LIMIT_ORDER,1,288.87015,1
431,0,0,185,False,LIMIT_ORDER,1,295.0,101
431,18,2,185,True,LIMIT_ORDER,2,277.97442,1
432,18,0,185,False,LIMIT_ORDER,1,290.04642,1
431,18,1,185,False,LIMIT_ORDER,1,288.87015,1
432,1,1,185,False,LIMIT_ORDER,1,303.89971,123
432,18,2,185,True,LIMIT_ORDER,2,277.97442,1
433,18,0,185,False,LIMIT_ORDER,1,290.04642,1
433,18,1,185,False,LIMIT_ORDER,1,288.87015,1
433,2,2,185,True,LIMIT_ORDER,1,290.35484,135
434,18,2,185,True,LIMIT_ORDER,2,277.97442,1
434,18,0,185,False,LIMIT_ORDER,1,290.04642,1
434,18,1,185,False,LIMIT_ORDER,1,288.87015,1
435,1,1,186,False,LIMIT_ORDER,1,297.14832,123
435,71,2,186,True,LIMIT_ORDER,2,277.97442,1
435,71,0,186,False,LIMIT_ORDER,1,290.04642,1
436,71,1,186,False,LIMIT_ORDER,1,288.87015,1
436,0,0,186,False,LIMIT_ORDER,1,298.47166000000004,101
436,71,2,186,True,LIMIT_ORDER,2,277.97442,1
437,71,0,186,False,LIMIT_ORDER,1,290.04642,1
437,71,1,186,False,LIMIT_ORDER,1,288.87015,1
437,2,2,186,False,LIMIT_ORDER,1,285.65776,135
438,0,0,187,False,LIMIT_ORDER,1,292.58196000000004,101
438,1,1,187,True,LIMIT_ORDER,1,293.52876000000003,123
438,2,2,187,True,LIMIT_ORDER,1,296.39205000000004,135
439,2,2,188,False,LIMIT_ORDER,1,289.24759,135
440,70,2,188,False,LIMIT_ORDER,2,296.39205000000004,1
439,70,0,188,True,LIMIT_ORDER,1,290.04642,1
439,70,1,188,True,LIMIT_ORDER,1,288.87015,1
440,0,0,188,False,LIMIT_ORDER,1,292.94884,101
441,70,2,188,False,LIMIT_ORDER,2,296.39205000000004,1
441,70,0,188,True,LIMIT_ORDER,1,286.64602,1
440,70,1,188,True,LIMIT_ORDER,1,288.87015,1
441,1,1,188,True,LIMIT_ORDER,1,288.71747000000005,123
442,70,2,188,False,LIMIT_ORDER,2,296.39205000000004,1
442,70,0,188,True,LIMIT_ORDER,1,286.64602,1
442,70,1,188,True,LIMIT_ORDER,1,288.87015,1
443,0,0,189,False,LIMIT_ORDER,1,287.94774,101
443,3,2,189,False,LIMIT_ORDER,2,296.39205000000004,1
444,3,0,189,True,LIMIT_ORDER,1,286.64602,1
443,3,1,189,True,LIMIT_ORDER,1,288.87015,1
444,1,1,189,False,LIMIT_ORDER,1,267.09290000000004,123
444,3,2,189,False,LIMIT_ORDER,2,296.39205000000004,1
445,3,0,189,True,LIMIT_ORDER,1,286.64602,1
445,3,1,189,True,LIMIT_ORDER,1,303.81477,1
445,2,2,189,False,LIMIT_ORDER,1,298.2894,135
446,3,2,189,False,LIMIT_ORDER,2,296.39205000000004,1
446,3,0,189,True,LIMIT_ORDER,1,286.64602,1
446,3,1,189,True,LIMIT_ORDER,1,303.81477,1
447,2,2,190,True,LIMIT_ORDER,1,302.50543000000005,135
448,90,2,190,False,LIMIT_ORDER,2,296.39205000000004,1
447,90,0,190,True,LIMIT_ORDER,1,286.64602,1
447,90,1,190,True,LIMIT_ORDER,1,303.81477,1
448,1,1,190,False,LIMIT_ORDER,1,260.09099000000003,123
449,90,2,190,False,LIMIT_ORDER,2,296.39205000000004,1
448,90,0,190,True,LIMIT_ORDER,1,286.64602,1
449,90,1,190,True,LIMIT_ORDER,1,303.81477,1
449,0,0,190,False,LIMIT_ORDER,1,301.98409000000004,101
450,90,2,190,False,LIMIT_ORDER,2,296.39205000000004,1
450,90,0,190,True,LIMIT_ORDER,1,286.64602,1
450,90,1,190,True,LIMIT_ORDER,1,303.81477,1
451,1,1,191,True,LIMIT_ORDER,1,290.28332,123
451,52,2,191,False,LIMIT_ORDER,2,296.39205000000004,1
451,52,0,191,True,LIMIT_ORDER,1,286.64602,1
452,52,1,191,True,LIMIT_ORDER,1,303.81477,1
452,2,2,191,False,LIMIT_ORDER,1,294.76353,135
453,52,2,191,False,LIMIT_ORDER,2,296.39205000000004,1
452,52,0,191,True,LIMIT_ORDER,1,286.64602,1
453,52,1,191,True,LIMIT_ORDER,1,303.81477,1
453,0,0,191,False,LIMIT_ORDER,1,288.97104,101
454,52,2,191,False,LIMIT_ORDER,2,296.39205000000004,1
454,52,0,191,True,LIMIT_ORDER,1,286.64602,1
454,52,1,191,True,LIMIT_ORDER,1,303.81477,1
455,2,2,192,False,LIMIT_ORDER,1,261.40314,135
456,18,2,192,True,LIMIT_ORDER,2,274.33532,1
455,18,0,192,False,LIMIT_ORDER,1,286.64602,1
455,18,1,192,False,LIMIT_ORDER,1,303.81477,1
456,0,0,192,False,LIMIT_ORDER,1,289.72650000000004,101
457,18,2,192,True,LIMIT_ORDER,2,274.33532,1
457,18,0,192,False,LIMIT_ORDER,1,286.64602,1
456,18,1,192,False,LIMIT_ORDER,1,303.81477,1
457,1,1,192,True,LIMIT_ORDER,1,296.40948000000003,123
458,18,2,192,True,LIMIT_ORDER,2,274.33532,1
458,18,0,192,False,LIMIT_ORDER,1,286.64602,1
458,18,1,192,False,LIMIT_ORDER,1,303.81477,1
459,2,2,193,False,LIMIT_ORDER,1,262.81207,135
460,89,2,193,True,LIMIT_ORDER,2,274.33532,1
459,89,0,193,False,LIMIT_ORDER,1,286.64602,1
459,89,1,193,False,LIMIT_ORDER,1,303.81477,1
460,0,0,193,False,LIMIT_ORDER,1,283.09344000000004,101
461,89,2,193,True,LIMIT_ORDER,2,274.33532,1
461,89,0,193,False,LIMIT_ORDER,1,286.64602,1
460,89,1,193,False,LIMIT_ORDER,1,303.81477,1
461,1,1,193,False,LIMIT_ORDER,1,311.69637,123
462,89,2,193,True,LIMIT_ORDER,2,274.33532,1
462,89,0,193,False,LIMIT_ORDER,1,286.64602,1
462,89,1,193,False,LIMIT_ORDER,1,303.81477,1
463,1,1,194,True,LIMIT_ORDER,1,334.48232,123
463,18,2,194,True,LIMIT_ORDER,2,274.33532,1
463,18,0,194,False,LIMIT_ORDER,1,286.64602,1
464,18,1,194,False,LIMIT_ORDER,1,304.77687000000003,1
464,2,2,194,False,LIMIT_ORDER,1,266.15107,135
465,18,2,194,True,LIMIT_ORDER,2,274.33532,1
464,18,0,194,False,LIMIT_ORDER,1,286.64602,1
465,18,1,194,False,LIMIT_ORDER,1,304.77687000000003,1
465,0,0,194,False,LIMIT_ORDER,1,297.98136000000005,101
466,18,2,194,True,LIMIT_ORDER,2,274.33532,1
466,18,0,194,False,LIMIT_ORDER,1,286.64602,1
466,18,1,194,False,LIMIT_ORDER,1,304.77687000000003,1
467,0,0,195,False,LIMIT_ORDER,1,282.88833,101
467,72,2,195,True,LIMIT_ORDER,2,274.33532,1
468,72,0,195,False,LIMIT_ORDER,1,286.64602,1
467,72,1,195,False,LIMIT_ORDER,1,304.77687000000003,1
468,1,1,195,True,LIMIT_ORDER,1,296.34665,123
468,72,2,195,True,LIMIT_ORDER,2,274.33532,1
469,72,0,195,False,LIMIT_ORDER,1,286.64602,1
469,72,1,195,False,LIMIT_ORDER,1,304.77687000000003,1
469,2,2,195,True,LIMIT_ORDER,1,293.48882000000003,135
470,72,2,195,True,LIMIT_ORDER,2,274.33532,1
470,72,0,195,False,LIMIT_ORDER,1,286.64602,1
470,72,1,195,False,LIMIT_ORDER,1,304.77687000000003,1
471,1,1,196,False,LIMIT_ORDER,1,301.42101,123
471,102,2,196,True,LIMIT_ORDER,2,274.33532,1
471,102,0,196,False,LIMIT_ORDER,1,286.64602,1
472,102,1,196,False,LIMIT_ORDER,1,304.77687000000003,1
472,0,0,196,False,LIMIT_ORDER,1,284.95959000000005,101
472,102,2,196,True,LIMIT_ORDER,2,274.33532,1
473,102,0,196,False,LIMIT_ORDER,1,283.2959,1
473,102,1,196,False,LIMIT_ORDER,1,304.77687000000003,1
473,2,2,196,True,LIMIT_ORDER,1,279.36793,135
474,102,2,196,True,LIMIT_ORDER,2,274.33532,1
474,102,0,196,False,LIMIT_ORDER,1,283.2959,1
474,102,1,196,False,LIMIT_ORDER,1,304.77687000000003,1
475,2,2,197,True,LIMIT_ORDER,1,309.55075000000005,135
476,46,2,197,True,LIMIT_ORDER,2,274.33532,1
475,46,0,197,False,LIMIT_ORDER,1,283.2959,1
475,46,1,197,False,LIMIT_ORDER,1,304.77687000000003,1
476,1,1,197,False,LIMIT_ORDER,1,281.89978,123
477,46,2,197,True,LIMIT_ORDER,2,274.33532,1
476,46,0,197,False,LIMIT_ORDER,1,283.2959,1
477,46,1,197,False,LIMIT_ORDER,1,296.34665,1
477,0,0,197,False,LIMIT_ORDER,1,289.20412000000005,101
478,46,2,197,True,LIMIT_ORDER,2,274.33532,1
478,46,0,197,False,LIMIT_ORDER,1,283.2959,1
478,46,1,197,False,LIMIT_ORDER,1,296.34665,1
479,2,2,198,False,LIMIT_ORDER,1,262.61098000000004,135
480,9,2,198,False,LIMIT_ORDER,2,309.55076,1
479,9,0,198,True,LIMIT_ORDER,1,283.2959,1
479,9,1,198,True,LIMIT_ORDER,1,296.40948000000003,1
480,0,0,198,True,LIMIT_ORDER,1,263.89053,101
481,9,2,198,False,LIMIT_ORDER,2,309.55076,1
481,9,0,198,True,LIMIT_ORDER,1,283.09344000000004,1
480,9,1,198,True,LIMIT_ORDER,1,295.48472000000004,1
481,1,1,198,False,LIMIT_ORDER,1,281.74988,123
482,9,2,198,False,LIMIT_ORDER,2,309.55076,1
482,9,0,198,True,LIMIT_ORDER,1,283.09344000000004,1
482,9,1,198,True,LIMIT_ORDER,1,295.48472000000004,1
483,2,2,199,False,LIMIT_ORDER,1,231.89812,135
484,56,2,199,True,LIMIT_ORDER,2,279.36792,1
483,56,0,199,False,LIMIT_ORDER,1,283.09345,1
483,56,1,199,False,LIMIT_ORDER,1,295.48472000000004,1
484,0,0,199,False,LIMIT_ORDER,1,290.98258000000004,101
485,56,2,199,True,LIMIT_ORDER,2,279.36792,1
485,56,0,199,False,LIMIT_ORDER,1,283.09345,1
484,56,1,199,False,LIMIT_ORDER,1,295.48472000000004,1
485,1,1,199,True,LIMIT_ORDER,1,282.89171000000005,123
486,56,2,199,True,LIMIT_ORDER,2,279.36792,1
486,56,0,199,False,LIMIT_ORDER,1,283.09345,1
486,56,1,199,False,LIMIT_ORDER,1,295.48472000000004,1
487,1,1,200,False,LIMIT_ORDER,1,310.12874000000005,123
487,39,2,200,True,LIMIT_ORDER,2,279.36792,1
487,39,0,200,False,LIMIT_ORDER,1,283.09345,1
488,39,1,200,False,LIMIT_ORDER,1,295.48472000000004,1
488,0,0,200,False,LIMIT_ORDER,1,297.63637,101
488,39,2,200,True,LIMIT_ORDER,2,279.36792,1
489,39,0,200,False,LIMIT_ORDER,1,283.09345,1
489,39,1,200,False,LIMIT_ORDER,1,295.48472000000004,1
489,2,2,200,False,LIMIT_ORDER,1,256.57606000000004,135
490,39,2,200,False,LIMIT_ORDER,2,293.48882000000003,1
490,39,0,200,True,LIMIT_ORDER,1,283.09344000000004,1
490,39,1,200,True,LIMIT_ORDER,1,295.48472000000004,1
491,0,0,201,False,LIMIT_ORDER,1,282.59008,101
491,98,2,201,False,LIMIT_ORDER,2,293.48882000000003,1
492,98,0,201,True,LIMIT_ORDER,1,283.09344000000004,1
491,98,1,201,True,LIMIT_ORDER,1,295.48472000000004,1
492,1,1,201,False,LIMIT_ORDER,1,313.30673,123
492,98,2,201,False,LIMIT_ORDER,2,293.48882000000003,1
493,98,0,201,True,LIMIT_ORDER,1,283.09344000000004,1
493,98,1,201,True,LIMIT_ORDER,1,295.48472000000004,1
493,2,2,201,True,LIMIT_ORDER,1,295.76149000000004,135
494,98,2,201,False,LIMIT_ORDER,2,293.48882000000003,1
494,98,0,201,True,LIMIT_ORDER,1,283.09344000000004,1
494,98,1,201,True,LIMIT_ORDER,1,295.48472000000004,1
495,2,2,202,True,LIMIT_ORDER,1,294.24412,135
496,99,2,202,False,LIMIT_ORDER,2,293.48882000000003,1
495,99,0,202,True,LIMIT_ORDER,1,283.09344000000004,1
495,99,1,202,True,LIMIT_ORDER,1,295.48472000000004,1
496,0,0,202,False,LIMIT_ORDER,1,295.4546,101
497,99,2,202,False,LIMIT_ORDER,2,294.24412,1
497,99,0,202,True,LIMIT_ORDER,1,283.09344000000004,1
496,99,1,202,True,LIMIT_ORDER,1,295.48472000000004,1
497,1,1,202,False,LIMIT_ORDER,1,300.04323000000005,123
498,99,2,202,False,LIMIT_ORDER,2,294.24412,1
498,99,0,202,True,LIMIT_ORDER,1,283.09344000000004,1
498,99,1,202,True,LIMIT_ORDER,1,295.48472000000004,1
499,1,1,203,True,LIMIT_ORDER,1,307.82921000000005,123
499,62,2,203,False,LIMIT_ORDER,2,294.24412,1
499,62,0,203,True,LIMIT_ORDER,1,283.09344000000004,1
500,62,1,203,True,LIMIT_ORDER,1,302.23188000000005,1
500,0,0,203,False,LIMIT_ORDER,1,287.81044,101
500,62,2,203,False,LIMIT_ORDER,2,294.24412,1
501,62,0,203,True,LIMIT_ORDER,1,283.09344000000004,1
501,62,1,203,True,LIMIT_ORDER,1,298.5214,1
501,2,2,203,True,LIMIT_ORDER,1,292.63937000000004,135
502,62,2,203,False,LIMIT_ORDER,2,294.24412,1
502,62,0,203,True,LIMIT_ORDER,1,283.09344000000004,1
502,62,1,203,True,LIMIT_ORDER,1,298.5214,1
503,0,0,204,False,LIMIT_ORDER,1,286.20653000000004,101
503,43,2,204,False,LIMIT_ORDER,2,294.24412,1
504,43,0,204,True,LIMIT_ORDER,1,283.09344000000004,1
503,43,1,204,True,LIMIT_ORDER,1,298.5214,1
504,1,1,204,True,LIMIT_ORDER,1,339.61182,123
504,2,2,204,False,LIMIT_ORDER,1,290.22675000000004,135
505,43,2,204,True,LIMIT_ORDER,2,292.63937000000004,1
505,43,0,204,False,LIMIT_ORDER,1,283.09345,1
505,43,1,204,False,LIMIT_ORDER,1,306.29959,1
506,2,2,205,False,LIMIT_ORDER,1,297.77656,135
507,68,2,205,True,LIMIT_ORDER,2,292.63937000000004,1
506,68,0,205,False,LIMIT_ORDER,1,283.09345,1
506,68,1,205,False,LIMIT_ORDER,1,306.29959,1
507,1,1,205,True,LIMIT_ORDER,1,301.38457,123
508,68,2,205,False,LIMIT_ORDER,2,292.63937000000004,1
507,68,0,205,True,LIMIT_ORDER,1,283.09344000000004,1
508,68,1,205,True,LIMIT_ORDER,1,297.14832,1
508,0,0,205,False,LIMIT_ORDER,1,293.98310000000004,101
509,68,2,205,False,LIMIT_ORDER,2,292.63937000000004,1
509,68,0,205,True,LIMIT_ORDER,1,283.09344000000004,1
509,68,1,205,True,LIMIT_ORDER,1,297.14832,1
510,2,2,206,False,LIMIT_ORDER,1,286.95669000000004,135
511,93,2,206,False,LIMIT_ORDER,2,292.63937000000004,1
510,93,0,206,True,LIMIT_ORDER,1,283.09344000000004,1
510,93,1,206,True,LIMIT_ORDER,1,297.14832,1
511,1,1,206,True,LIMIT_ORDER,1,296.13686,123
512,93,2,206,False,LIMIT_ORDER,2,292.63937000000004,1
511,93,0,206,True,LIMIT_ORDER,1,283.09344000000004,1
512,93,1,206,True,LIMIT_ORDER,1,297.14832,1
512,0,0,206,True,LIMIT_ORDER,1,269.69085,101
513,93,2,206,False,LIMIT_ORDER,2,292.63937000000004,1
513,93,0,206,True,LIMIT_ORDER,1,283.09344000000004,1
513,93,1,206,True,LIMIT_ORDER,1,297.14832,1
514,2,2,207,True,LIMIT_ORDER,1,326.22477000000003,135
515,42,2,207,True,LIMIT_ORDER,2,286.95669000000004,1
514,42,0,207,False,LIMIT_ORDER,1,283.09345,1
514,42,1,207,False,LIMIT_ORDER,1,297.14832,1
515,1,1,207,False,LIMIT_ORDER,1,312.61991,123
516,42,2,207,True,LIMIT_ORDER,2,286.95669000000004,1
515,42,0,207,False,LIMIT_ORDER,1,283.09345,1
516,42,1,207,False,LIMIT_ORDER,1,297.14832,1
516,0,0,207,False,LIMIT_ORDER,1,290.11465000000004,101
517,42,2,207,True,LIMIT_ORDER,2,286.95669000000004,1
517,42,0,207,False,LIMIT_ORDER,1,283.09345,1
517,42,1,207,False,LIMIT_ORDER,1,297.14832,1
518,1,1,208,False,LIMIT_ORDER,1,302.81124,123
518,35,2,208,True,LIMIT_ORDER,2,286.95669000000004,1
518,35,0,208,False,LIMIT_ORDER,1,283.09345,1
519,35,1,208,False,LIMIT_ORDER,1,297.14832,1
519,0,0,208,False,LIMIT_ORDER,1,292.59713000000005,101
519,35,2,208,True,LIMIT_ORDER,2,286.95669000000004,1
520,35,0,208,False,LIMIT_ORDER,1,283.09345,1
520,35,1,208,False,LIMIT_ORDER,1,297.14832,1
520,2,2,208,True,LIMIT_ORDER,1,294.01295000000005,135
521,35,2,208,True,LIMIT_ORDER,2,286.95669000000004,1
521,35,0,208,False,LIMIT_ORDER,1,283.09345,1
521,35,1,208,False,LIMIT_ORDER,1,297.14832,1
522,2,2,209,False,LIMIT_ORDER,1,214.01714,135
523,41,2,209,False,LIMIT_ORDER,2,294.01296,1
522,41,0,209,True,LIMIT_ORDER,1,283.09344000000004,1
522,41,1,209,True,LIMIT_ORDER,1,297.14832,1
523,1,1,209,True,LIMIT_ORDER,1,306.45267,123
524,41,2,209,False,LIMIT_ORDER,2,294.01296,1
523,41,0,209,True,LIMIT_ORDER,1,283.09344000000004,1
524,41,1,209,True,LIMIT_ORDER,1,301.42101,1
524,0,0,209,False,LIMIT_ORDER,1,284.46722,101
525,41,2,209,False,LIMIT_ORDER,2,294.01296,1
525,41,0,209,True,LIMIT_ORDER,1,283.09344000000004,1
525,41,1,209,True,LIMIT_ORDER,1,297.14832,1
526,1,1,210,False,LIMIT_ORDER,1,261.47347,123
526,49,2,210,False,LIMIT_ORDER,2,294.01296,1
526,49,0,210,True,LIMIT_ORDER,1,283.09344000000004,1
527,49,1,210,True,LIMIT_ORDER,1,297.14832,1
527,2,2,210,False,LIMIT_ORDER,1,257.62304,135
528,49,2,210,False,LIMIT_ORDER,2,294.01296,1
527,49,0,210,True,LIMIT_ORDER,1,283.09344000000004,1
528,49,1,210,True,LIMIT_ORDER,1,297.14832,1
528,0,0,210,False,LIMIT_ORDER,1,295.27917,101
529,49,2,210,False,LIMIT_ORDER,2,294.01296,1
529,49,0,210,True,LIMIT_ORDER,1,283.09344000000004,1
529,49,1,210,True,LIMIT_ORDER,1,297.14832,1
530,0,0,211,False,LIMIT_ORDER,1,297.43655,101
530,76,2,211,False,LIMIT_ORDER,2,294.01296,1
531,76,0,211,True,LIMIT_ORDER,1,283.09344000000004,1
530,76,1,211,True,LIMIT_ORDER,1,297.14832,1
531,2,2,211,False,LIMIT_ORDER,1,299.76397000000003,135
532,76,2,211,False,LIMIT_ORDER,2,294.01296,1
532,76,0,211,True,LIMIT_ORDER,1,283.09344000000004,1
531,76,1,211,True,LIMIT_ORDER,1,297.14832,1
532,1,1,211,False,LIMIT_ORDER,1,296.28529000000003,123
533,76,2,211,False,LIMIT_ORDER,2,294.01296,1
533,76,0,211,True,LIMIT_ORDER,1,283.09344000000004,1
533,76,1,211,True,LIMIT_ORDER,1,297.14832,1
534,2,2,212,True,LIMIT_ORDER,1,308.41681,135
535,96,2,212,True,LIMIT_ORDER,2,257.62304,1
534,96,0,212,False,LIMIT_ORDER,1,283.09345,1
534,96,1,212,False,LIMIT_ORDER,1,297.14832,1
535,0,0,212,False,LIMIT_ORDER,1,282.30445000000003,101
536,96,2,212,True,LIMIT_ORDER,2,257.62304,1
536,96,0,212,False,LIMIT_ORDER,1,283.09345,1
535,96,1,212,False,LIMIT_ORDER,1,297.14832,1
536,1,1,212,False,LIMIT_ORDER,1,266.06132,123
537,96,2,212,True,LIMIT_ORDER,2,257.62304,1
537,96,0,212,False,LIMIT_ORDER,1,283.09345,1
537,96,1,212,False,LIMIT_ORDER,1,278.00547,1
538,2,2,213,False,LIMIT_ORDER,1,264.89247,135
539,42,2,213,True,LIMIT_ORDER,2,257.62304,1
538,42,0,213,False,LIMIT_ORDER,1,283.09345,1
538,42,1,213,False,LIMIT_ORDER,1,297.14832,1
539,0,0,213,True,LIMIT_ORDER,1,263.43737000000004,101
540,42,2,213,True,LIMIT_ORDER,2,257.62304,1
540,42,0,213,False,LIMIT_ORDER,1,283.09345,1
539,42,1,213,False,LIMIT_ORDER,1,297.14832,1
540,1,1,213,True,LIMIT_ORDER,1,295.66471,123
541,42,2,213,True,LIMIT_ORDER,2,257.62304,1
541,42,0,213,False,LIMIT_ORDER,1,283.09345,1
541,42,1,213,False,LIMIT_ORDER,1,297.14832,1
542,0,0,214,False,LIMIT_ORDER,1,287.41936000000004,101
542,84,2,214,True,LIMIT_ORDER,2,257.62304,1
543,84,0,214,False,LIMIT_ORDER,1,283.09345,1
542,84,1,214,False,LIMIT_ORDER,1,297.14832,1
543,2,2,214,True,LIMIT_ORDER,1,262.95904,135
544,84,2,214,True,LIMIT_ORDER,2,257.62304,1
544,84,0,214,False,LIMIT_ORDER,1,283.09345,1
543,84,1,214,False,LIMIT_ORDER,1,297.14832,1
544,1,1,214,True,LIMIT_ORDER,1,329.11417,123
545,84,2,214,True,LIMIT_ORDER,2,257.62304,1
545,84,0,214,False,LIMIT_ORDER,1,283.09345,1
545,84,1,214,False,LIMIT_ORDER,1,297.14832,1
546,2,2,215,False,LIMIT_ORDER,1,250.13697000000002,135
547,33,2,215,True,LIMIT_ORDER,2,262.95904,1
546,33,0,215,False,LIMIT_ORDER,1,283.09345,1
546,33,1,215,False,LIMIT_ORDER,1,297.14832,1
547,0,0,215,False,LIMIT_ORDER,1,299.80056,101
548,33,2,215,True,LIMIT_ORDER,2,262.95904,1
548,33,0,215,False,LIMIT_ORDER,1,283.09345,1
547,33,1,215,False,LIMIT_ORDER,1,297.14832,1
548,1,1,215,False,LIMIT_ORDER,1,269.03277,123
549,33,2,215,True,LIMIT_ORDER,2,262.95904,1
549,33,0,215,False,LIMIT_ORDER,1,283.09345,1
549,33,1,215,False,LIMIT_ORDER,1,288.71748,1
550,0,0,216,False,LIMIT_ORDER,1,282.15589,101
550,3,2,216,True,LIMIT_ORDER,2,262.95904,1
551,3,0,216,False,LIMIT_ORDER,1,283.09345,1
550,3,1,216,False,LIMIT_ORDER,1,295.66471,1
551,2,2,216,True,LIMIT_ORDER,1,263.43018,135
552,3,2,216,True,LIMIT_ORDER,2,262.95904,1
552,3,0,216,False,LIMIT_ORDER,1,283.09345,1
551,3,1,216,False,LIMIT_ORDER,1,295.66471,1
552,1,1,216,True,LIMIT_ORDER,1,283.67117,123
553,3,2,216,True,LIMIT_ORDER,2,262.95904,1
553,3,0,216,False,LIMIT_ORDER,1,283.09345,1
553,3,1,216,False,LIMIT_ORDER,1,295.66471,1
554,2,2,217,False,LIMIT_ORDER,1,264.30273,135
555,96,2,217,True,LIMIT_ORDER,2,262.95904,1
554,96,0,217,False,LIMIT_ORDER,1,283.09345,1
554,96,1,217,False,LIMIT_ORDER,1,295.66471,1
555,1,1,217,False,LIMIT_ORDER,1,280.12793000000005,123
556,96,2,217,True,LIMIT_ORDER,2,262.95904,1
555,96,0,217,False,LIMIT_ORDER,1,283.09345,1
556,96,1,217,False,LIMIT_ORDER,1,293.52876000000003,1
556,0,0,217,False,LIMIT_ORDER,1,287.92511,101
557,96,2,217,True,LIMIT_ORDER,2,262.95904,1
557,96,0,217,False,LIMIT_ORDER,1,283.09345,1
557,96,1,217,False,LIMIT_ORDER,1,293.52876000000003,1
558,1,1,218,False,LIMIT_ORDER,1,282.89733,123
558,86,2,218,True,LIMIT_ORDER,2,262.95904,1
558,86,0,218,False,LIMIT_ORDER,1,283.09345,1
559,86,1,218,False,LIMIT_ORDER,1,293.52876000000003,1
559,2,2,218,False,LIMIT_ORDER,1,248.19279000000003,135
560,86,2,218,True,LIMIT_ORDER,2,263.43018,1
559,86,0,218,False,LIMIT_ORDER,1,283.09345,1
560,86,1,218,False,LIMIT_ORDER,1,293.52876000000003,1
560,0,0,218,False,LIMIT_ORDER,1,298.39957000000004,101
561,86,2,218,True,LIMIT_ORDER,2,263.43018,1
561,86,0,218,False,LIMIT_ORDER,1,283.09345,1
561,86,1,218,False,LIMIT_ORDER,1,293.52876000000003,1
562,1,1,219,True,LIMIT_ORDER,1,292.07326,123
562,74,2,219,True,LIMIT_ORDER,2,263.43018,1
562,74,0,219,False,LIMIT_ORDER,1,283.09345,1
563,74,1,219,False,LIMIT_ORDER,1,282.89733,1
563,0,0,219,False,LIMIT_ORDER,1,298.10522000000003,101
563,74,2,219,True,LIMIT_ORDER,2,263.43018,1
564,74,0,219,False,LIMIT_ORDER,1,283.09345,1
564,74,1,219,False,LIMIT_ORDER,1,285.96261000000004,1
564,2,2,219,True,LIMIT_ORDER,1,319.36249000000004,135
565,74,2,219,True,LIMIT_ORDER,2,264.89246,1
565,74,0,219,False,LIMIT_ORDER,1,283.09345,1
565,74,1,219,False,LIMIT_ORDER,1,285.96261000000004,1
566,0,0,220,True,LIMIT_ORDER,1,262.83867000000004,101
566,24,2,220,True,LIMIT_ORDER,2,264.30272,1
567,24,0,220,False,LIMIT_ORDER,1,283.09345,1
566,24,1,220,False,LIMIT_ORDER,1,285.96261000000004,1
567,2,2,220,False,LIMIT_ORDER,1,268.96159,135
568,24,2,220,True,LIMIT_ORDER,2,264.30272,1
568,24,0,220,False,LIMIT_ORDER,1,283.09345,1
567,24,1,220,False,LIMIT_ORDER,1,285.96261000000004,1
568,1,1,220,False,LIMIT_ORDER,1,293.10764,123
569,24,2,220,True,LIMIT_ORDER,2,264.30272,1
569,24,0,220,False,LIMIT_ORDER,1,283.09345,1
569,24,1,220,False,LIMIT_ORDER,1,285.96261000000004,1
570,0,0,221,False,LIMIT_ORDER,1,297.7192,101
570,9,2,221,True,LIMIT_ORDER,2,264.30272,1
571,9,0,221,False,LIMIT_ORDER,1,283.09345,1
570,9,1,221,False,LIMIT_ORDER,1,285.96261000000004,1
571,1,1,221,False,LIMIT_ORDER,1,249.26777,123
571,9,2,221,True,LIMIT_ORDER,2,264.30272,1
572,9,0,221,False,LIMIT_ORDER,1,283.09345,1
572,9,1,221,False,LIMIT_ORDER,1,282.89172,1
572,2,2,221,False,LIMIT_ORDER,1,236.75488,135
573,9,2,221,True,LIMIT_ORDER,2,264.30272,1
573,9,0,221,False,LIMIT_ORDER,1,283.09345,1
573,9,1,221,False,LIMIT_ORDER,1,289.11889,1
574,2,2,222,False,LIMIT_ORDER,1,269.27041,135
575,5,2,222,True,LIMIT_ORDER,2,264.30272,1
574,5,0,222,False,LIMIT_ORDER,1,283.09345,1
574,5,1,222,False,LIMIT_ORDER,1,289.11889,1
575,1,1,222,True,LIMIT_ORDER,1,285.93983000000003,123
576,5,2,222,True,LIMIT_ORDER,2,264.30272,1
575,5,0,222,False,LIMIT_ORDER,1,283.09345,1
576,5,1,222,False,LIMIT_ORDER,1,289.11889,1
576,0,0,222,False,LIMIT_ORDER,1,294.91966,101
577,5,2,222,True,LIMIT_ORDER,2,264.30272,1
577,5,0,222,False,LIMIT_ORDER,1,283.09345,1
577,5,1,222,False,LIMIT_ORDER,1,289.11889,1
578,2,2,223,True,LIMIT_ORDER,1,304.95658000000003,135
579,91,2,223,True,LIMIT_ORDER,2,269.27041,1
578,91,0,223,False,LIMIT_ORDER,1,283.09345,1
578,91,1,223,False,LIMIT_ORDER,1,289.11889,1
579,0,0,223,False,LIMIT_ORDER,1,296.64909,101
580,91,2,223,True,LIMIT_ORDER,2,268.96158,1
580,91,0,223,False,LIMIT_ORDER,1,283.09345,1
579,91,1,223,False,LIMIT_ORDER,1,289.11889,1
580,1,1,223,False,LIMIT_ORDER,1,306.12276,123
581,91,2,223,True,LIMIT_ORDER,2,268.96158,1
581,91,0,223,False,LIMIT_ORDER,1,283.09345,1
581,91,1,223,False,LIMIT_ORDER,1,289.11889,1
582,2,2,224,False,LIMIT_ORDER,1,261.13974,135
583,41,2,224,True,LIMIT_ORDER,2,269.27041,1
582,41,0,224,False,LIMIT_ORDER,1,283.09345,1
582,41,1,224,False,LIMIT_ORDER,1,289.11889,1
583,0,0,224,True,LIMIT_ORDER,1,266.00402,101
584,41,2,224,True,LIMIT_ORDER,2,269.27041,1
584,41,0,224,False,LIMIT_ORDER,1,283.09345,1
583,41,1,224,False,LIMIT_ORDER,1,289.11889,1
584,1,1,224,True,LIMIT_ORDER,1,283.468,123
585,41,2,224,True,LIMIT_ORDER,2,269.27041,1
585,41,0,224,False,LIMIT_ORDER,1,283.09345,1
585,41,1,224,False,LIMIT_ORDER,1,289.11889,1
586,1,1,225,True,LIMIT_ORDER,1,297.63839,123
586,72,2,225,True,LIMIT_ORDER,2,269.27041,1
586,72,0,225,False,LIMIT_ORDER,1,283.09345,1
587,72,1,225,False,LIMIT_ORDER,1,289.11889,1
587,0,0,225,False,LIMIT_ORDER,1,292.78507,101
587,72,2,225,True,LIMIT_ORDER,2,269.27041,1
588,72,0,225,False,LIMIT_ORDER,1,283.09345,1
588,72,1,225,False,LIMIT_ORDER,1,297.63839,1
588,2,2,225,True,LIMIT_ORDER,1,297.12768,135
589,72,2,225,True,LIMIT_ORDER,2,269.27041,1
589,72,0,225,False,LIMIT_ORDER,1,283.09345,1
589,72,1,225,False,LIMIT_ORDER,1,297.63839,1
590,2,2,226,False,LIMIT_ORDER,1,262.00366,135
591,84,2,226,False,LIMIT_ORDER,2,297.12768,1
590,84,0,226,True,LIMIT_ORDER,1,283.09344000000004,1
590,84,1,226,True,LIMIT_ORDER,1,297.63839,1
591,1,1,226,True,LIMIT_ORDER,1,276.6893,123
592,84,2,226,False,LIMIT_ORDER,2,297.12768,1
591,84,0,226,True,LIMIT_ORDER,1,282.15588,1
592,84,1,226,True,LIMIT_ORDER,1,297.63839,1
592,0,0,226,True,LIMIT_ORDER,1,269.48900000000003,101
593,84,2,226,False,LIMIT_ORDER,2,297.12768,1
593,84,0,226,True,LIMIT_ORDER,1,282.15588,1
593,84,1,226,True,LIMIT_ORDER,1,297.63839,1
594,0,0,227,False,LIMIT_ORDER,1,286.64171000000005,101
594,37,2,227,False,LIMIT_ORDER,2,297.12768,1
595,37,0,227,True,LIMIT_ORDER,1,282.15588,1
594,37,1,227,True,LIMIT_ORDER,1,297.63839,1
595,1,1,227,False,LIMIT_ORDER,1,313.69106000000005,123
595,37,2,227,False,LIMIT_ORDER,2,297.12768,1
596,37,0,227,True,LIMIT_ORDER,1,282.15588,1
596,37,1,227,True,LIMIT_ORDER,1,297.63839,1
596,2,2,227,False,LIMIT_ORDER,1,301.99080000000004,135
597,37,2,227,False,LIMIT_ORDER,2,297.12768,1
597,37,0,227,True,LIMIT_ORDER,1,282.15588,1
597,37,1,227,True,LIMIT_ORDER,1,297.63839,1
598,0,0,228,False,LIMIT_ORDER,1,292.18962000000005,101
598,47,2,228,False,LIMIT_ORDER,2,297.12768,1
599,47,0,228,True,LIMIT_ORDER,1,282.15588,1
598,47,1,228,True,LIMIT_ORDER,1,297.63839,1
599,1,1,228,False,LIMIT_ORDER,1,297.23888000000005,123
599,47,2,228,False,LIMIT_ORDER,2,297.12768,1
600,47,0,228,True,LIMIT_ORDER,1,282.15588,1
600,47,1,228,True,LIMIT_ORDER,1,297.63839,1
600,2,2,228,True,LIMIT_ORDER,1,303.38806000000005,135
601,47,2,228,False,LIMIT_ORDER,2,297.12768,1
601,47,0,228,True,LIMIT_ORDER,1,282.15588,1
601,47,1,228,True,LIMIT_ORDER,1,297.63839,1
602,2,2,229,False,LIMIT_ORDER,1,299.58599000000004,135
603,49,2,229,False,LIMIT_ORDER,2,297.12768,1
602,49,0,229,True,LIMIT_ORDER,1,282.15588,1
602,49,1,229,True,LIMIT_ORDER,1,297.63839,1
603,0,0,229,False,LIMIT_ORDER,1,289.91303000000005,101
604,49,2,229,False,LIMIT_ORDER,2,297.12768,1
604,49,0,229,True,LIMIT_ORDER,1,282.15588,1
603,49,1,229,True,LIMIT_ORDER,1,297.63839,1
604,1,1,229,False,LIMIT_ORDER,1,302.58947,123
605,49,2,229,False,LIMIT_ORDER,2,297.12768,1
605,49,0,229,True,LIMIT_ORDER,1,282.15588,1
605,49,1,229,True,LIMIT_ORDER,1,297.63839,1
606,1,1,230,True,LIMIT_ORDER,1,276.59093,123
606,3,2,230,False,LIMIT_ORDER,2,297.12768,1
606,3,0,230,True,LIMIT_ORDER,1,282.15588,1
607,3,1,230,True,LIMIT_ORDER,1,297.63839,1
607,2,2,230,False,LIMIT_ORDER,1,276.69563000000005,135
608,3,2,230,False,LIMIT_ORDER,2,297.12768,1
607,3,0,230,True,LIMIT_ORDER,1,282.15588,1
608,3,1,230,True,LIMIT_ORDER,1,297.63839,1
608,0,0,230,False,LIMIT_ORDER,1,289.50702,101
609,3,2,230,False,LIMIT_ORDER,2,297.12768,1
609,3,0,230,True,LIMIT_ORDER,1,282.15588,1
609,3,1,230,True,LIMIT_ORDER,1,297.63839,1
610,2,2,231,False,LIMIT_ORDER,1,274.85911000000004,135
611,67,2,231,False,LIMIT_ORDER,2,297.12768,1
610,67,0,231,True,LIMIT_ORDER,1,282.15588,1
610,67,1,231,True,LIMIT_ORDER,1,297.63839,1
611,0,0,231,False,LIMIT_ORDER,1,293.59545,101
612,67,2,231,False,LIMIT_ORDER,2,297.12768,1
612,67,0,231,True,LIMIT_ORDER,1,282.15588,1
611,67,1,231,True,LIMIT_ORDER,1,297.63839,1
612,1,1,231,False,LIMIT_ORDER,1,289.22658,123
613,67,2,231,False,LIMIT_ORDER,2,297.12768,1
613,67,0,231,True,LIMIT_ORDER,1,282.15588,1
613,67,1,231,True,LIMIT_ORDER,1,297.63839,1
614,2,2,232,True,LIMIT_ORDER,1,326.68545,135
615,98,2,232,True,LIMIT_ORDER,2,274.85911000000004,1
614,98,0,232,False,LIMIT_ORDER,1,282.15589,1
614,98,1,232,False,LIMIT_ORDER,1,297.63839,1
615,0,0,232,True,LIMIT_ORDER,1,262.00553,101
616,98,2,232,True,LIMIT_ORDER,2,274.85911000000004,1
616,98,0,232,False,LIMIT_ORDER,1,282.15589,1
615,98,1,232,False,LIMIT_ORDER,1,297.63839,1
616,1,1,232,False,LIMIT_ORDER,1,269.29531000000003,123
617,98,2,232,True,LIMIT_ORDER,2,274.85911000000004,1
617,98,0,232,False,LIMIT_ORDER,1,282.15589,1
617,98,1,232,False,LIMIT_ORDER,1,284.88919000000004,1
618,1,1,233,False,LIMIT_ORDER,1,274.8417,123
618,58,2,233,True,LIMIT_ORDER,2,274.85911000000004,1
618,58,0,233,False,LIMIT_ORDER,1,282.15589,1
619,58,1,233,False,LIMIT_ORDER,1,285.93983000000003,1
619,0,0,233,True,LIMIT_ORDER,1,266.25959,101
619,58,2,233,True,LIMIT_ORDER,2,274.85911000000004,1
620,58,0,233,False,LIMIT_ORDER,1,282.15589,1
620,58,1,233,False,LIMIT_ORDER,1,285.93983000000003,1
620,2,2,233,True,LIMIT_ORDER,1,349.85491,135
621,58,2,233,True,LIMIT_ORDER,2,276.69563000000005,1
621,58,0,233,False,LIMIT_ORDER,1,282.15589,1
621,58,1,233,False,LIMIT_ORDER,1,285.93983000000003,1
622,0,0,234,False,LIMIT_ORDER,1,273.49041,101
622,63,2,234,True,LIMIT_ORDER,2,276.69563000000005,1
623,63,0,234,False,LIMIT_ORDER,1,282.15589,1
622,63,1,234,False,LIMIT_ORDER,1,285.93983000000003,1
623,2,2,234,True,LIMIT_ORDER,1,273.27971,135
624,63,2,234,True,LIMIT_ORDER,2,276.69563000000005,1
624,63,0,234,False,LIMIT_ORDER,1,282.15589,1
623,63,1,234,False,LIMIT_ORDER,1,285.93983000000003,1
624,1,1,234,True,LIMIT_ORDER,1,275.77104,123
625,63,2,234,True,LIMIT_ORDER,2,276.69563000000005,1
625,63,0,234,False,LIMIT_ORDER,1,282.15589,1
625,63,1,234,False,LIMIT_ORDER,1,285.93983000000003,1
626,0,0,235,False,LIMIT_ORDER,1,297.04585000000003,101
626,34,2,235,True,LIMIT_ORDER,2,276.69563000000005,1
627,34,0,235,False,LIMIT_ORDER,1,282.15589,1
626,34,1,235,False,LIMIT_ORDER,1,285.93983000000003,1
627,2,2,235,True,LIMIT_ORDER,1,271.83684,135
628,34,2,235,True,LIMIT_ORDER,2,276.69563000000005,1
628,34,0,235,False,LIMIT_ORDER,1,282.15589,1
627,34,1,235,False,LIMIT_ORDER,1,285.93983000000003,1
628,1,1,235,False,LIMIT_ORDER,1,300.60482,123
629,34,2,235,True,LIMIT_ORDER,2,276.69563000000005,1
629,34,0,235,False,LIMIT_ORDER,1,282.15589,1
629,34,1,235,False,LIMIT_ORDER,1,285.93983000000003,1
630,0,0,236,False,LIMIT_ORDER,1,286.26117000000005,101
630,26,2,236,True,LIMIT_ORDER,2,276.69563000000005,1
631,26,0,236,False,LIMIT_ORDER,1,282.15589,1
630,26,1,236,False,LIMIT_ORDER,1,285.93983000000003,1
631,2,2,236,True,LIMIT_ORDER,1,295.00927,135
632,26,2,236,True,LIMIT_ORDER,2,276.69563000000005,1
632,26,0,236,False,LIMIT_ORDER,1,282.15589,1
631,26,1,236,False,LIMIT_ORDER,1,285.93983000000003,1
632,1,1,236,False,LIMIT_ORDER,1,269.84652,123
633,26,2,236,True,LIMIT_ORDER,2,276.69563000000005,1
633,26,0,236,False,LIMIT_ORDER,1,282.15589,1
633,26,1,236,False,LIMIT_ORDER,1,283.468,1
634,2,2,237,False,LIMIT_ORDER,1,271.18061,135
635,69,2,237,False,LIMIT_ORDER,2,295.00927,1
634,69,0,237,True,LIMIT_ORDER,1,282.15588,1
634,69,1,237,True,LIMIT_ORDER,1,283.468,1
635,0,0,237,True,LIMIT_ORDER,1,273.73469,101
636,69,2,237,False,LIMIT_ORDER,2,295.00927,1
636,69,0,237,True,LIMIT_ORDER,1,273.4904,1
635,69,1,237,True,LIMIT_ORDER,1,283.468,1
636,1,1,237,False,LIMIT_ORDER,1,264.37152000000003,123
637,69,2,237,False,LIMIT_ORDER,2,295.00927,1
637,69,0,237,True,LIMIT_ORDER,1,273.4904,1
637,69,1,237,True,LIMIT_ORDER,1,269.40151000000003,1
638,2,2,238,False,LIMIT_ORDER,1,281.41086,135
639,85,2,238,False,LIMIT_ORDER,2,295.00927,1
638,85,0,238,True,LIMIT_ORDER,1,273.4904,1
638,85,1,238,True,LIMIT_ORDER,1,269.40151000000003,1
639,0,0,238,True,LIMIT_ORDER,1,265.06301,101
640,85,2,238,False,LIMIT_ORDER,2,295.00927,1
640,85,0,238,True,LIMIT_ORDER,1,273.4904,1
639,85,1,238,True,LIMIT_ORDER,1,269.40151000000003,1
640,1,1,238,False,LIMIT_ORDER,1,283.62793000000005,123
641,85,2,238,False,LIMIT_ORDER,2,295.00927,1
641,85,0,238,True,LIMIT_ORDER,1,273.4904,1
641,85,1,238,True,LIMIT_ORDER,1,269.40151000000003,1
642,2,2,239,False,LIMIT_ORDER,1,264.29109,135
642,0,0,239,True,LIMIT_ORDER,1,254.17785000000003,101
642,1,1,239,False,LIMIT_ORDER,1,262.33295000000004,123
643,31,2,239,True,LIMIT_ORDER,2,271.83683,1
643,31,0,239,False,LIMIT_ORDER,1,273.49041,1
643,31,1,239,False,LIMIT_ORDER,1,283.67117,1
644,2,2,240,False,LIMIT_ORDER,1,270.35147,135
645,43,2,240,True,LIMIT_ORDER,2,273.27971,1
644,43,0,240,False,LIMIT_ORDER,1,273.49041,1
644,43,1,240,False,LIMIT_ORDER,1,283.67117,1
645,1,1,240,False,LIMIT_ORDER,1,272.16002000000003,123
646,43,2,240,True,LIMIT_ORDER,2,273.27971,1
645,43,0,240,False,LIMIT_ORDER,1,274.22633,1
646,43,1,240,False,LIMIT_ORDER,1,276.6893,1
646,0,0,240,True,LIMIT_ORDER,1,253.74718000000001,101
647,43,2,240,True,LIMIT_ORDER,2,273.27971,1
647,43,0,240,False,LIMIT_ORDER,1,274.22633,1
647,43,1,240,False,LIMIT_ORDER,1,280.39064,1
648,1,1,241,True,LIMIT_ORDER,1,260.99029,123
648,51,2,241,True,LIMIT_ORDER,2,273.27971,1
648,51,0,241,False,LIMIT_ORDER,1,274.22633,1
649,51,1,241,False,LIMIT_ORDER,1,280.39064,1
649,2,2,241,True,LIMIT_ORDER,1,292.97886,135
650,51,2,241,False,LIMIT_ORDER,2,281.41086,1
649,51,0,241,True,LIMIT_ORDER,1,274.22632000000004,1
650,51,1,241,True,LIMIT_ORDER,1,280.39063000000004,1
650,0,0,241,False,LIMIT_ORDER,1,273.24372,101
651,51,2,241,False,LIMIT_ORDER,2,281.41086,1
651,51,0,241,True,LIMIT_ORDER,1,274.22632000000004,1
651,51,1,241,True,LIMIT_ORDER,1,280.39063000000004,1
652,2,2,242,False,LIMIT_ORDER,1,255.53554000000003,135
653,18,2,242,True,LIMIT_ORDER,2,273.27971,1
652,18,0,242,False,LIMIT_ORDER,1,274.22633,1
652,18,1,242,False,LIMIT_ORDER,1,280.39064,1
653,0,0,242,False,LIMIT_ORDER,1,293.76664000000005,101
654,18,2,242,True,LIMIT_ORDER,2,273.27971,1
654,18,0,242,False,LIMIT_ORDER,1,274.22633,1
653,18,1,242,False,LIMIT_ORDER,1,280.39064,1
654,1,1,242,True,LIMIT_ORDER,1,277.35966,123
655,18,2,242,True,LIMIT_ORDER,2,273.27971,1
655,18,0,242,False,LIMIT_ORDER,1,274.22633,1
655,18,1,242,False,LIMIT_ORDER,1,280.39064,1
656,1,1,243,True,LIMIT_ORDER,1,293.43823000000003,123
656,15,2,243,True,LIMIT_ORDER,2,273.27971,1
656,15,0,243,False,LIMIT_ORDER,1,274.22633,1
657,15,1,243,False,LIMIT_ORDER,1,280.39064,1
657,0,0,243,False,LIMIT_ORDER,1,289.44980000000004,101
657,15,2,243,True,LIMIT_ORDER,2,273.27971,1
658,15,0,243,False,LIMIT_ORDER,1,274.22633,1
658,15,1,243,False,LIMIT_ORDER,1,280.39064,1
658,2,2,243,True,LIMIT_ORDER,1,280.51178000000004,135
659,15,2,243,True,LIMIT_ORDER,2,273.27971,1
659,15,0,243,False,LIMIT_ORDER,1,274.22633,1
659,15,1,243,False,LIMIT_ORDER,1,280.39064,1
660,1,1,244,True,LIMIT_ORDER,1,288.9391,123
660,28,2,244,True,LIMIT_ORDER,2,273.27971,1
660,28,0,244,False,LIMIT_ORDER,1,274.22633,1
661,28,1,244,False,LIMIT_ORDER,1,280.39064,1
661,0,0,244,True,LIMIT_ORDER,1,267.54156,101
661,28,2,244,True,LIMIT_ORDER,2,273.27971,1
662,28,0,244,False,LIMIT_ORDER,1,274.22633,1
662,28,1,244,False,LIMIT_ORDER,1,280.39064,1
662,2,2,244,True,LIMIT_ORDER,1,285.41154,135
663,28,2,244,True,LIMIT_ORDER,2,273.27971,1
663,28,0,244,False,LIMIT_ORDER,1,274.22633,1
663,28,1,244,False,LIMIT_ORDER,1,280.39064,1
664,2,2,245,True,LIMIT_ORDER,1,284.45996,135
665,58,2,245,True,LIMIT_ORDER,2,273.27971,1
664,58,0,245,False,LIMIT_ORDER,1,274.22633,1
664,58,1,245,False,LIMIT_ORDER,1,280.39064,1
665,1,1,245,True,LIMIT_ORDER,1,284.41989,123
666,58,2,245,True,LIMIT_ORDER,2,273.27971,1
665,58,0,245,False,LIMIT_ORDER,1,274.22633,1
666,58,1,245,False,LIMIT_ORDER,1,280.39064,1
666,0,0,245,True,LIMIT_ORDER,1,258.37327000000005,101
667,58,2,245,True,LIMIT_ORDER,2,273.27971,1
667,58,0,245,False,LIMIT_ORDER,1,274.22633,1
667,58,1,245,False,LIMIT_ORDER,1,280.39064,1
668,1,1,246,True,LIMIT_ORDER,1,270.87343000000004,123
668,95,2,246,True,LIMIT_ORDER,2,273.27971,1
668,95,0,246,False,LIMIT_ORDER,1,274.22633,1
669,95,1,246,False,LIMIT_ORDER,1,280.39064,1
669,2,2,246,False,LIMIT_ORDER,1,251.51730000000003,135
670,95,2,246,False,LIMIT_ORDER,2,285.41154,1
669,95,0,246,True,LIMIT_ORDER,1,274.22632000000004,1
670,95,1,246,True,LIMIT_ORDER,1,280.39064,1
670,0,0,246,True,LIMIT_ORDER,1,254.91547000000003,101
671,95,2,246,False,LIMIT_ORDER,2,285.41154,1
671,95,0,246,True,LIMIT_ORDER,1,274.22632000000004,1
671,95,1,246,True,LIMIT_ORDER,1,280.39064,1
672,1,1,247,False,LIMIT_ORDER,1,266.89407,123
672,37,2,247,False,LIMIT_ORDER,2,285.41154,1
672,37,0,247,True,LIMIT_ORDER,1,274.22632000000004,1
673,37,1,247,True,LIMIT_ORDER,1,271.56749,1
673,0,0,247,False,LIMIT_ORDER,1,285.85001,101
673,37,2,247,False,LIMIT_ORDER,2,285.41154,1
674,37,0,247,True,LIMIT_ORDER,1,274.22632000000004,1
674,37,1,247,True,LIMIT_ORDER,1,271.56749,1
674,2,2,247,False,LIMIT_ORDER,1,262.42317,135
675,37,2,247,False,LIMIT_ORDER,2,280.51179,1
675,37,0,247,True,LIMIT_ORDER,1,274.22632000000004,1
675,37,1,247,True,LIMIT_ORDER,1,271.56749,1
676,1,1,248,False,LIMIT_ORDER,1,279.74334000000005,123
676,2,2,248,False,LIMIT_ORDER,1,265.14842000000004,135
676,0,0,248,False,LIMIT_ORDER,1,288.15540000000004,101
677,0,0,249,True,LIMIT_ORDER,1,267.97285,101
677,1,1,249,True,LIMIT_ORDER,1,290.38554000000005,123
677,2,2,249,False,LIMIT_ORDER,1,262.42099,135
678,0,0,250,False,LIMIT_ORDER,1,277.76901000000004,101
678,2,2,250,True,LIMIT_ORDER,1,292.47253,135
679,39,2,250,True,LIMIT_ORDER,2,262.42099,1
679,39,0,250,False,LIMIT_ORDER,1,274.22633,1
678,39,1,250,False,LIMIT_ORDER,1,296.13686,1
679,1,1,250,True,LIMIT_ORDER,1,302.54021,123
680,39,2,250,True,LIMIT_ORDER,2,262.42099,1
680,39,0,250,False,LIMIT_ORDER,1,274.22633,1
680,39,1,250,False,LIMIT_ORDER,1,302.54021,1
681,2,2,251,True,LIMIT_ORDER,1,264.48447000000004,135
682,26,2,251,True,LIMIT_ORDER,2,262.42099,1
681,26,0,251,False,LIMIT_ORDER,1,274.22633,1
681,26,1,251,False,LIMIT_ORDER,1,302.54021,1
682,1,1,251,True,LIMIT_ORDER,1,285.69913,123
683,26,2,251,True,LIMIT_ORDER,2,262.42099,1
682,26,0,251,False,LIMIT_ORDER,1,274.22633,1
683,26,1,251,False,LIMIT_ORDER,1,302.54021,1
683,0,0,251,True,LIMIT_ORDER,1,265.76070000000004,101
684,26,2,251,True,LIMIT_ORDER,2,262.42099,1
684,26,0,251,False,LIMIT_ORDER,1,274.22633,1
684,26,1,251,False,LIMIT_ORDER,1,302.54021,1
685,1,1,252,False,LIMIT_ORDER,1,303.68119,123
685,59,2,252,True,LIMIT_ORDER,2,262.42099,1
685,59,0,252,False,LIMIT_ORDER,1,274.22633,1
686,59,1,252,False,LIMIT_ORDER,1,302.54021,1
686,0,0,252,True,LIMIT_ORDER,1,256.56268,101
686,59,2,252,True,LIMIT_ORDER,2,262.42099,1
687,59,0,252,False,LIMIT_ORDER,1,274.22633,1
687,59,1,252,False,LIMIT_ORDER,1,302.54021,1
687,2,2,252,True,LIMIT_ORDER,1,263.26694000000003,135
688,59,2,252,True,LIMIT_ORDER,2,262.42099,1
688,59,0,252,False,LIMIT_ORDER,1,274.22633,1
688,59,1,252,False,LIMIT_ORDER,1,302.54021,1
689,1,1,253,False,LIMIT_ORDER,1,289.39897,123
689,102,2,253,True,LIMIT_ORDER,2,262.42099,1
689,102,0,253,False,LIMIT_ORDER,1,274.22633,1
690,102,1,253,False,LIMIT_ORDER,1,290.38555,1
690,0,0,253,False,LIMIT_ORDER,1,284.41790000000003,101
690,102,2,253,True,LIMIT_ORDER,2,262.42099,1
691,102,0,253,False,LIMIT_ORDER,1,274.22633,1
691,102,1,253,False,LIMIT_ORDER,1,290.38555,1
691,2,2,253,False,LIMIT_ORDER,1,232.08482,135
692,102,2,253,True,LIMIT_ORDER,2,264.48447000000004,1
692,102,0,253,False,LIMIT_ORDER,1,274.22633,1
692,102,1,253,False,LIMIT_ORDER,1,290.38555,1
693,1,1,254,True,LIMIT_ORDER,1,272.67734,123
693,3,2,254,True,LIMIT_ORDER,2,264.48447000000004,1
693,3,0,254,False,LIMIT_ORDER,1,274.22633,1
694,3,1,254,False,LIMIT_ORDER,1,290.38555,1
694,0,0,254,True,LIMIT_ORDER,1,255.71269,101
694,3,2,254,True,LIMIT_ORDER,2,264.48447000000004,1
695,3,0,254,False,LIMIT_ORDER,1,274.22633,1
695,3,1,254,False,LIMIT_ORDER,1,290.38555,1
695,2,2,254,False,LIMIT_ORDER,1,235.57164000000003,135
696,3,2,254,True,LIMIT_ORDER,2,264.48447000000004,1
696,3,0,254,False,LIMIT_ORDER,1,274.22633,1
696,3,1,254,False,LIMIT_ORDER,1,290.38555,1
697,2,2,255,False,LIMIT_ORDER,1,268.13018,135
698,42,2,255,True,LIMIT_ORDER,2,264.48447000000004,1
697,42,0,255,False,LIMIT_ORDER,1,274.22633,1
697,42,1,255,False,LIMIT_ORDER,1,290.38555,1
698,0,0,255,False,LIMIT_ORDER,1,290.98232,101
699,42,2,255,True,LIMIT_ORDER,2,264.48447000000004,1
699,42,0,255,False,LIMIT_ORDER,1,274.22633,1
698,42,1,255,False,LIMIT_ORDER,1,290.38555,1
699,1,1,255,False,LIMIT_ORDER,1,267.87569,123
700,42,2,255,True,LIMIT_ORDER,2,264.48447000000004,1
700,42,0,255,False,LIMIT_ORDER,1,274.22633,1
700,42,1,255,False,LIMIT_ORDER,1,285.69913,1
701,2,2,256,True,LIMIT_ORDER,1,273.69474,135
702,94,2,256,True,LIMIT_ORDER,2,265.14842000000004,1
701,94,0,256,False,LIMIT_ORDER,1,274.22633,1
701,94,1,256,False,LIMIT_ORDER,1,285.69913,1
702,0,0,256,False,LIMIT_ORDER,1,292.44017,101
703,94,2,256,True,LIMIT_ORDER,2,265.14842000000004,1
703,94,0,256,False,LIMIT_ORDER,1,274.22633,1
702,94,1,256,False,LIMIT_ORDER,1,285.69913,1
